3122 4756
276 497 281 507 ¹
350 444 412 511 ¹70
641 423 902 490 PROPERTH
925 425 1013 492 LIB.
1039 427 1086 492 11.

389 553 458 616 Nee
468 546 528 615 tibi
538 544 674 642 perjuro
688 551 836 620 scindam
847 550 890 618 de
902 575 1042 646 corpore
1052 569 1197 640 vestem,

435 663 503 726 Nec
513 683 588 727 mea
599 659 778 753 praeclusas
792 662 927 753 inegerit
936 665 987 730 ira
996 663 1102 749 fores3

387 774 456 837 Nec
467 770 528 839 tibi
539 794 708 840 connexos
722 773 827 840 iratus
838 795 976 866 corpere
987 778 1113 860 crines,

434 883 504 948 Noc
514 881 607 948 duris
620 883 729 948 ausim
740 879 863 950 loedere
875 883 1066 976 pollicibus„

392 996 549 1062 Rusticus
562 993 634 1061 hoec
644 992 764 1088 aliquis
775 1009 845 1062 tam
856 997 968 1088 turpis
979 995 1092 1088 praelio
1103 1013 1247 1094 qureret,
1352 1011 1383 1064 25

433 1102 536 1197 Cujus
548 1127 618 1172 non
628 1102 762 1173 hederae
775 1108 1060 1202 circuiereosput.

388 1215 535 1284 Scribam
545 1217 659 1308 igitur,
672 1216 765 1311 quod
777 1242 845 1286 non
858 1243 1022 1312 umquem
1033 1237 1091 1286 too
1102 1218 1214 1287 deleat
1225 1235 1325 1288 oetss:

434 1324 687 1415 Cynthinformo
697 1339 823 1420 potens,
841 1327 979 1418 Cynthia
995 1329 1088 1394 verbo
1102 1327 1188 1395 lenis.

386 1433 491 1502 Crede
505 1431 603 1518 mihi,
616 1441 768 1530 quemvis
780 1453 976 1505 contemnas
991 1461 1165 1506 murmure
1175 1437 1289 1520 fornae,

433 1547 496 1611 Hie
507 1543 565 1612 tibi
577 1545 1018 1639 pallori,Cpnthia,versus
1031 1550 1103 1616 erit.
1349 1561 1384 1614 3ο

378 1701 419 1756 26.
439 1703 517 1777 Cujus
534 1724 586 1758 non
602 1705 713 1772 dedere,
730 1675 781 1759 etc.
796 1707 842 1776 qni
885 1704 950 1758 beot
969 1705 1050 1759 verbo
1069 1705 1134 1759 nihil
1154 1706 1297 1779 ponderis,
1321 1709 1386 1760 certi

339 1800 395 1834 non
405 1796 473 1835 ortes
483 1783 546 1837 nolit
555 1799 670 1848 nostem
681 1789 741 1858 qui,
752 1801 782 1839 nt
791 1805 841 1858 ego
885 1783 960 1836 nihil.
968 1785 1129 1837 Grecenote
1137 1788 1222 1838 forme
1230 1797 1277 1838 est.
1287 1787 1388 1839 Lectio·

340 1881 415 1928 snm,
439 1877 521 1936 poeto
545 1882 600 1918 non
625 1868 665 1918 rit
689 1866 841 1920 Tutelnrem
885 1881 946 1916 nem
962 1863 1107 1917 editoribus
1119 1863 1275 1936 probatam,
1292 1865 1386 1938 «Cyn-
1483 1883 1493 1902 ⁰

341 1941 421 1994 deum
437 1958 521 2014 poette
541 1941 673 1998 Bocchum
691 1945 841 1998 habuerunt
885 1941 940 1998 this
951 1945 1035 1997 forme
1049 1957 1160 2018 potens,
1173 1943 1286 2018 Cynthia
1294 1941 1388 2016 foma

339 2019 413 2090 (ride
423 2021 466 2086 111,
477 2039 501 2087 n,
510 2023 558 2096 ’7);
570 2023 675 2075 stobnnt
684 2041 775 2076 eorum
791 2041 840 2076 nee
885 2019 986 2089 ierim
1001 2041 1054 2074 non
1068 2023 1118 2076 nisi
1131 2023 1204 2078 Mss.
1219 2027 1298 2095 ponci
1311 2022 1387 2075 dete·

340 2101 568 2154 minusorstoinni
575 2103 702 2174 imagines
709 2105 737 2156 in
744 2103 842 2156 biblio·
885 2103 966 2156 rioree
976 2117 1138 2175 agnoscunt,
1148 2101 1175 2154 in
1184 2121 1268 2174 enque
1276 2103 1387 2155 fortasse

339 2177 422 2231 thenit
433 2179 544 2249 publicis
554 2199 613 2232 cum
627 2180 724 2234 hedera
737 2183 838 2254 posite.
884 2179 970 2232 alieno
985 2197 1062 2232 sensu
1077 2181 1170 2254 formo
1187 2181 1250 2235 levis
1262 2182 1387 2253 poniture

375 2259 695 2333 27.Qnodn.onnmquam
703 2259 841 2316 madelmi
885 2269 956 2311 oerte
968 2277 1022 2312 non
1038 2261 1217 2312 inconstantes
1236 2259 1329 2331 puelle¹
1346 2273 1387 2312 nt·

337 2347 413 2400 oetos,·
428 2337 515 2410 quod,
540 2337 665 2411 quamdiu
679 2342 769 2407 vives,
787 2339 839 2394 he·
886 2337 1124 2409 queinfidnsunt‚
1139 2336 1387 2414 querleoesfipurar

337 2429 394 2469 rent
405 2416 691 2470 indietnformuletibi.
703 2418 839 2472 Bronkhu·
882 2419 1034 2490 Propertius
1044 2418 1107 2471 dieit
1119 2420 1144 2484 1,
1157 2418 1187 2486 4,
1202 2436 1228 2488 9.
1242 2417 1313 2470 Libri
1330 2437 1386 2472 me·

338 2497 450 2550 niustria
469 2497 541 2568 quod
557 2515 699 2568 numquam
719 2497 840 2551 deleverit
884 2495 963 2550 liores
972 2499 1048 2550 verda
1058 2498 1137 2551 levin
1150 2515 1310 2569 reponamus
1318 2494 1385 2562 hoe,

338 2573 435 2626 oetasin
449 2571 721 2628 CodiosMentelieno
735 2574 786 2645 legi
801 2588 842 2627 te-
886 2571 959 2646 quod
969 2587 995 2627 et
1004 2574 1187 2628 Lachmannus
1201 2573 1314 2628 admisit.

338 2661 430 2702 stetur.
442 2652 563 2704 Heinsius
579 2650 708 2702 diversam
724 2651 842 2722 ejusdem
922 2653 964 2706 30.
982 2653 1104 2715 Pallori5
1128 2673 1181 2726 qno
1201 2652 1282 2706 modo
1300 2651 1387 2728 poile-

337 2728 398 2782 libri
407 2731 561 2802 scripturam
575 2729 670 2784 adfert.
682 2731 777 2782 Tutius
791 2732 842 2803 igi·
885 2750 952 2785 scere
968 2729 1017 2784 nos
1031 2730 1125 2804 eulpa,
1143 2747 1253 2804 propter
1264 2731 1388 2804 culpam,

337 2821 381 2861 tur
396 2807 430 2862 de
448 2822 602 2862 ceterorum
621 2827 755 2864 consensu
773 2812 844 2882 quod
886 2809 951 2862 dicit
965 2812 1104 2878 Horatios,
1117 2812 1194 2884 epist.
1209 2811 1238 2878 1,
1256 2828 1283 2878 r,
1295 2811 1339 2866 fir.
1351 2837 1388 2851 —

338 2900 578 2960 nonumquamtuo
585 2885 840 2960 delentreeipiemus.
885 2889 952 2942 Cum
965 2889 1108 2961 eiepiohec
1127 2907 1217 2945 nostra
1232 2893 1303 2946 conf.
1318 2893 1387 2961 ejus·

338 2997 373 3008 -
392 2967 592 3040 Cynthianerdn
604 2967 684 3030 levite
702 2970 778 3040 cujus
794 2967 842 3020 he·
885 2969 946 3024 dem
957 2971 1059 3022 Horatii
1072 2969 1178 3042 epodon
1190 2971 1246 3024 XV.
1300 3019 1302 3024 .

740 3127 983 3150 mm

576 3239 893 3305 IMITATIONES
916 3239 1145 3304 GALLICAE.

378 3411 400 3448 ι.
413 3395 471 3448 Hor
482 3413 570 3448 nemm
581 3405 631 3460 ert,
644 3404 711 3458 tota,
723 3404 774 3443 etc.
787 3393 901 3462 morin,
915 3389 1084 3455 Amomdi,
1095 3386 1177 3461 dlepie
1187 3385 1204 3438 3
1215 3409 1229 3456 ι,

583 3500 641 3554 Oui,
655 3509 708 3544 tont
716 3497 780 3543 Parii
791 3497 868 3542 mitte
877 3493 1006 3550 noircenr‚.

586 3573 648 3618 Tont
660 3567 724 3615 Perit
732 3567 776 3613 enit
785 3577 807 3611 ta
818 3563 928 3628 perfidie:

585 3643 622 3684 Vn
633 3636 748 3685 ehereher
758 3638 912 3691 maimonem,
923 3635 1005 3697 irnpie,

583 3708 691 3771 Qnquue
701 3706 795 3768 stupide
803 3705 930 3753 edoretenr

554 3783 617 3828 tour
625 3793 717 3826 exereer
726 3789 748 3823 tt
758 3777 817 3824 dure
827 3778 932 3842 tyreonie
941 3776 947 3822 Ι

553 3851 581 3898 Je
589 3863 671 3911 rompe
679 3863 727 3895 mee
736 3847 796 3905 iere,
805 3846 896 3908 ingrate
904 3879 911 3902 ,
919 3845 943 3906 je
952 3841 1046 3892 t'ouhlie
1055 3859 1061 3890 :

531 3953 535 3964 .
554 3919 586 3966 le
596 3918 717 3982 de'eetpoir
726 3913 839 3964 t'erreehe
848 3916 877 3962 de
887 3931 943 3962 nton
953 3929 1025 3960 eoenr.

586 3991 639 4036 Une
649 4001 715 4036 autre
725 4004 755 4036 au
764 4003 824 4050 rung
831 3986 861 4034 de
870 4003 908 4034 me
917 3986 1033 4032 mutirem

523 4063 558 4105 Va
569 4073 672 4118 montet,
682 4059 703 4106 le
713 4059 777 4105 front
785 4059 847 4105 ceint
854 4053 909 4102 d'un
920 4055 1035 4104 immortel
1043 4055 1134 4111 seiton

525 4131 577 4178 Une
589 4143 654 4177 autre
660 4131 739 4193 jouin
749 4130 782 4178 dn
791 4129 893 4192 glorienx
901 4143 983 4176 renorn

588 4201 640 4260 Qne
649 4198 725 4248 t'eveit
733 4199 820 4262 promis
832 4215 870 4247 nte
880 4198 1013 4256 tendrette,
1023 4209 1067 4246 etc.
