3132 4756
263 339 269 349 '
324 333 389 400 512
613 327 877 394 PROPERTll
901 328 990 393 LlB.
1018 329 1078 392 tv.

413 460 456 523 Et
466 477 542 522 meu
553 455 726 522 nocturnis
739 455 818 519 tritu
830 451 976 520 fenestra
987 450 1096 520 dolis?

367 571 430 634 Per
443 589 546 659 quam
557 563 703 632 demisso
716 565 848 658 quoties
861 561 920 630 tibi
933 561 1015 630 fune
1025 562 1191 656 pependi,

415 675 552 744 Alterue
565 679 702 743 veniens
714 677 750 742 in
762 691 820 742 tua
832 672 917 742 colla
928 679 1050 741 manui

291 834 292 837 =
367 791 461 879 Saepe
472 791 588 853 Venus
600 788 699 854 trivio
711 787 906 867 commissa,
922 800 955 852 et
966 801 1101 877 pectore
1112 787 1217 852 mixto

415 901 582 966 Fecerunt
592 894 721 989 tepidas
734 893 833 988 pallia
845 911 961 963 nostre
972 896 1053 962 vias.
1336 924 1372 960 ιο

368 1004 514 1074 Foederis
526 993 712 1074 beu'teciti!
728 1001 968 1098 cujuslellacia
978 1000 1081 1071 verbu

414 1121 490 1184 Non
501 1115 650 1184 audituri
663 1115 832 1210 diripuere
844 1116 931 1181 Noti.

368 1231 410 1294 At
421 1225 505 1296 mihi
517 1251 586 1295 nou
598 1226 714 1294 oculos
727 1229 907 1323 quisquam
918 1224 1092 1294 inclinavit
1102 1241 1232 1292 euntes.

413 1344 529 1407 Unum
543 1341 797 1432 impetrassem,
809 1355 843 1405 te
855 1354 1049 1422 revocante,
1063 1336 1165 1405 diem.

368 1453 437 1528 Nec
448 1452 579 1544 crepuit
593 1450 672 1518 lissa
683 1475 738 1517 me
750 1465 890 1544 propter
900 1450 1066 1518 arundine
1078 1467 1207 1533 custos,
1336 1463 1371 1515 25

414 1561 515 1628 Laesit
526 1576 560 1628 et
573 1557 744 1652 objectum
757 1557 869 1652 tegula
883 1577 978 1627 curta
991 1575 1104 1654 caput.

319 1707 406 1763 bised
416 1710 528 1763 Coelium
542 1725 676 1778 muntem,
691 1729 777 1764 teram
794 1713 823 1766 in
905 1713 948 1764 25.
964 1695 1021 1765 Nec
1038 1711 1138 1784 crepuit
1148 1709 1214 1783 fissa
1217 1745 1266 1762 .....
1282 1708 1371 1782 tepula

200 1827 205 1834 -
320 1804 425 1843 noctem
444 1809 548 1864 semper
562 1789 694 1844 clamosus
710 1810 741 1844 nc
758 1803 824 1843 stre·
867 1800 939 1842 curta
963 1803 1048 1862 caput.
1073 1791 1202 1862 Propertii
1224 1789 1316 1852 locus,
1340 1803 1371 1840 ut

320 1889 403 1940 pens,
418 1871 445 1922 in
457 1889 511 1942 quo
527 1871 649 1940 permixti
668 1888 803 1942 caupones
813 1906 823 1935 ‚
867 1869 912 1922 ulii
924 1883 1042 1924 veterum
1054 1889 1108 1923 nou
1117 1873 1211 1942 pauci,
1220 1871 1248 1922 in
1258 1889 1312 1943 quo
1322 1887 1372 1922 no-

320 1948 473 2020 impudice‚
486 1948 616 2022 quidquid
626 1963 703 2021 turpe
715 1962 742 2002 et
752 1951 823 2022 puti-
866 1948 907 2002 bis
922 1951 1071 2022 ignorantie
1083 1969 1187 2014 rerum,
1200 1967 1257 2022 que
1269 1959 1326 2002 tum
1341 1949 1371 1999 in

320 2029 393 2082 dum.
417 2029 534 2104 Cynthiae
557 2031 637 2099 igitur
659 2028 822 2082 domicilium
867 2045 918 2079 uro
939 2029 1054 2094 fuerint,
1075 2039 1175 2080 certum
1193 2045 1300 2082 sensum
1315 2029 1371 2078 eri·

321 2110 385 2176 fuit,
397 2123 426 2162 ut
438 2112 495 2180 ipsu
509 2109 598 2162 docet.
867 2106 918 2173 pit,
937 2104 1027 2156 relicta
1046 2103 1212 2156 solummodo
1230 2106 1371 2176 qurerenti·

359 2189 528 2243 18.Altcrna
550 2207 650 2258 manu,
675 2174 832 2241 alternatim*
867 2181 918 2236 bus
944 2184 1055 2236 obscure
1080 2187 1290 2255 conjecturnmm
1317 2188 1369 2238 riu.

320 2267 539 2322 descendentibus
559 2286 608 2339 per
626 2269 717 2320 funem
737 2270 822 2320 mani·
866 2263 955 2329 Quare
975 2263 1055 2334 igitur
1075 2262 1140 2315 nihil
1166 2265 1285 2330 offirmo,
1304 2263 1370 2331 red,

320 2346 379 2400 bur.
394 2351 540 2400 venustum
554 2343 697 2398 distichon,
867 2342 959 2411 potitis
980 2341 1084 2394 duobus
1103 2341 1222 2395 versibus
1242 2342 1302 2407 hic,
1324 2342 1371 2395 ubi

359 2423 822 2498 19.SoepeVenustn'vr'ocommirm,
867 2420 979 2473 Codices
1008 2419 1154 2487 exhibent,
1184 2420 1292 2474 difficile
1320 2424 1371 2474 erit

320 2504 595 2562 intriviocommicsa;
610 2500 744 2572 quomodo
755 2520 824 2553 conr·
866 2499 1025 2571 persuadere
1041 2501 1091 2554 sibi
1106 2521 1167 2554 cnm
1182 2501 1370 2573 interpretibus

320 2582 407 2634 missos
417 2581 505 2646 ludos,
521 2580 683 2631 commissum
693 2581 823 2646 Martem,
866 2578 924 2630 eliis
937 2579 1065 2632 crotodem
1076 2583 1228 2652 appositum
1244 2595 1369 2648 mortuo,

319 2659 441 2712 dicimus.
456 2688 491 2698 -
509 2659 535 2711 V
533 2659 570 2710 iar
580 2658 669 2730 pallio
684 2671 769 2714 nostra
782 2661 824 2728 fe·
867 2660 912 2729 qni
919 2657 983 2730 firm
995 2659 1124 2712 arundine
1136 2659 1240 2730 (fistula
1254 2659 1294 2714 rel
1306 2679 1369 2714 cro-

319 2748 409 2814 mmet
421 2738 533 2810 tepidos,
546 2755 594 2816 nos
604 2739 777 2808 tepefecimus
783 2741 823 2809 ja·
866 2737 947 2808 talis)
961 2751 1068 2812 propter
1089 2739 1200 2814 (juxta)
1227 2741 1369 2814 Cynthium

292 2883 295 2890 Ι
319 2831 409 2870 centes
423 2835 484 2869 cum
498 2821 634 2871 nocturnis
648 2818 744 2890 palliis.
866 2820 1008 2888 crepuerit,
1021 2837 1098 2870 suum
1110 2821 1146 2872 its
1162 2819 1311 2891 significuus
1328 2821 1370 2872 ol-

356 2913 399 2948 ιι.
412 2895 520 2948 Foerleris
534 2895 584 2947 heu
600 2895 689 2948 taciti!
711 2894 764 2948 heu
781 2915 822 2949 se·
866 2897 955 2948 licium
968 2897 1070 2968 vigilia
1083 2901 1191 2952 omnino
1205 2920 1211 2949 :
1225 2903 1265 2952 Ne
1279 2913 1369 2952 coetos
1447 2928 1450 2937 ·

319 2988 420 3026 cretum
443 2975 539 3026 amoris
556 2974 660 3025 foedusl
681 2975 740 3026 Heu
759 2995 821 3027 eum
856 2973 973 3046 'quidem
995 2975 1097 3030 funebri
1115 2977 1185 3030 lecto
1204 2997 1264 3030 mco
1289 2977 1369 3031 datur

318 3054 527 3119 secundorum,
541 3067 570 3104 ut
583 3055 680 3107 Grecis
693 3055 821 3108 familiare
865 3068 919 3122 ert,
941 3057 1002 3127 quin
1017 3067 1044 3108 et
1058 3057 1186 3130 objectum
1207 3067 1287 3130 caput
1303 3057 1370 3112 loesit

319 3148 367 3186 est.
389 3135 445 3186 Nec
463 3133 539 3185 aliter
561 3129 686 3202 Plautus,
705 3133 819 3188 Mostell.
865 3143 938 3185 curta
951 3133 1040 3206 tepula
1055 3134 1147 3206 (quod
1163 3134 1207 3188 clii
1224 3133 1258 3188 de
1273 3134 1369 3206 lapidi-

318 3213 367 3278 tlt,
381 3212 414 3278 3,
427 3230 461 3284 9:
475 3233 485 3256 ι
496 3211 528 3262 Di
539 3212 715 3265 inmortaleisl
727 3214 820 3266 merct'-
865 3212 915 3265 bus
927 3214 1011 3266 misris
1024 3215 1050 3264 in
1065 3225 1195 3266 mortuum
1215 3216 1367 3286 occipiunt,
1383 3229 1386 3234 ·

319 3293 393 3344 morti
406 3289 504 3363 lepidi!
518 3291 544 3344 si
558 3287 647 3344 hercle
666 3311 735 3344 nune
754 3294 821 3346 feret
866 3288 910 3341 elil
929 3287 963 3342 de
982 3289 1070 3361 tegulo
1088 3293 1222 3362 cogitant,
1239 3311 1296 3365 quae
1316 3310 1367 3362 pro

320 3371 367 3423 Sex
377 3371 475 3425 talenta
486 3389 582 3440 magna
593 3371 692 3442 urgenti
705 3391 753 3443 pro
764 3373 821 3426 istis
865 3367 975 3439 pulvillo
996 3371 1108 3441 turpiter
1125 3371 1207 3442 cupiti
1229 3373 1367 3444 supposita

318 3453 649 3524 presentemu,Numqunm
658 3451 819 3525 adcipiam.·
865 3447 970 3518 fuerit).
982 3447 1051 3500 Vide
1064 3466 1134 3500 nunc
1151 3468 1184 3502 an
1203 3468 1257 3501 non
1269 3452 1368 3503 rectius

356 3531 397 3586 23.
413 3530 562 3596 declinare,
577 3529 822 3584 condere-Ocu-
866 3525 981 3592 luriunt,
997 3527 1043 3597 qui
1057 3527 1144 3579 sedem
1161 3526 1240 3598 hujus
1258 3527 1368 3581 distichi

319 3609 358 3664 los
370 3620 472 3670 euntem
491 3607 636 3672 abeuntes,
651 3621 733 3679 puto;
753 3609 821 3679 ligu-
864 3617 1041 3675 postremum
1060 3606 1211 3656 vicesimum
1229 3617 1365 3658 statuunt:

319 3703 375 3742 rnte
398 3707 446 3760 pro
471 3687 659 3754 morientibus,
684 3687 819 3760 quomodo
868 3683 963 3753 rStepe
975 3686 1063 3735 Venus
1081 3684 1157 3735 trivio
1170 3688 1367 3753 commitsa‚et

318 3765 820 3840 lingtmuortrsdirercs«desyeuxqui
864 3773 972 3830 pectore
995 3763 1077 3812 mixto
1103 3763 1233 3816 Fecerunt
1262 3763 1367 3835 tepidas

317 3847 369 3901 εἰη
382 3859 451 3900 υοιιι.
462 3869 473 3892 ι
486 3875 520 3886 -
533 3847 621 3898 Unum
633 3839 749 3898 saltem'n
760 3848 820 3899 Par-
863 3839 943 3912 pallia
953 3853 1044 3892 nostre
1053 3843 1117 3893 rias.
1129 3844 1185 3896 Nec
1198 3842 1298 3916 crepuit
1299 3843 1367 3918 fisso

318 3929 355 3978 cis
363 3927 441 3992 diem,
448 3935 472 3976 te
482 3937 630 3992 revocante,
641 3925 819 3996 impetrassem.
865 3945 906 3978 me
910 3940 1017 4000 propter
1022 3929 1151 3980 arundine
1159 3943 1250 3995 conos,
1256 3931 1333 3984 Lusit
1341 3944 1366 3984 et

318 4006 453 4056 Sententia
466 4002 557 4056 similis
570 4004 607 4072 lt,
622 4021 668 4074 27,
685 4005 795 4057 15-16.
865 4007 989 4078 olpertum
1005 4008 1092 4078 tepula
1109 4019 1180 4060 curta
1196 4022 1306 4083 caput·
1325 4011 1365 4066 lte
