3128 4760
601 389 778 456 ELEGlA
802 389 862 454 xl.
1192 389 1257 477 ³93

262 517 427 612 Omphale
438 534 473 586 et
482 520 517 585 in
528 531 661 584 mutum
671 515 790 584 formae
801 516 967 608 prooessit
977 514 1157 598 bonorem,

305 627 414 723 Lydia
423 631 549 722 Gygteo
561 629 665 695 tincta
676 624 790 720 puella
801 623 895 707 lacu,

262 743 324 823 Ut,
339 743 398 837 qui
410 757 529 834 pacato
540 742 712 809 statuisset
723 741 759 807 in
773 739 855 806 orbe
866 736 1059 819 columnas,

307 855 393 921 Tam
407 849 492 920 dura
502 849 650 932 traheret
660 848 773 917 molliti
784 871 891 943 pensa
903 872 1019 916 manu.
1226 879 1260 916 ao

261 966 438 1031 Persarum
449 965 565 1030 statuit
576 961 747 1054 Babylona
759 961 949 1030 Semiramis
963 958 1100 1042 urbem,

308 1075 354 1140 Ut
367 1069 512 1140 solidum
522 1086 618 1138 cocto
629 1067 762 1137 tolleret
773 1091 893 1162 aggere
904 1091 1009 1161 opus,

261 1184 302 1248 Et
314 1177 383 1248 duo
394 1182 429 1248 iu
440 1179 620 1248 adversum
629 1181 724 1248 missi
734 1201 796 1271 per
807 1181 931 1246 moenia
942 1201 1063 1246 currus

308 1295 356 1358 Ne
368 1306 506 1384 possent
518 1307 606 1358 tacto
618 1293 782 1384 stringere
793 1289 836 1358 ab
847 1313 909 1357 axe
921 1288 1028 1372 latus3

261 1403 363 1470 Duxit
374 1420 407 1469 et
418 1401 612 1494 Euphraten
624 1401 872 1495 medium‚qna
883 1398 1033 1469 condidit
1043 1423 1153 1482 arces,
1226 1412 1259 1466 25

307 1515 411 1580 lussit
422 1528 456 1580 et
468 1513 609 1606 imperio
621 1509 765 1580 subdere
776 1517 893 1580 Berua
908 1525 1020 1602 eaput.

254 1717 294 1770 rs.
313 1715 397 1790 lydia
414 1719 509 1791 Gypoeo
530 1719 609 1771 tiueta
623 1717 715 1790 puella
758 1714 842 1781 loris,
864 1715 992 1788 elegantia
1019 1728 1069 1778 est,
1095 1732 1150 1766 nou
1173 1715 1212 1766 vis
1235 1729 1261 1768 et

216 1791 282 1848 lara.
301 1795 411 1863 Tincta,
427 1797 507 1849 fontis
526 1815 630 1864 amans,
645 1815 714 1868 quo·
760 1793 917 1866 significatio
931 1813 999 1846 nova
1014 1791 1103 1846 addita
1118 1795 1260 1845 sententiae.

216 1873 295 1926 niodo
321 1875 429 1928 tinctum
445 1895 513 1948 saepe
535 1876 600 1928 dicit
620 1877 716 1928 Noster
800 1890 839 1943 19.
867 1874 919 1938 Ut,
940 1875 985 1946 qui
1003 1885 1097 1944 pacato
1117 1873 1261 1942 statuisset,

216 1952 289 2024 quod
307 1951 425 2010 lavatur:
443 1953 501 2007 vide
523 1955 549 2018 l,
570 1953 601 2018 6,
620 1954 667 2020 32,
688 1955 716 2020 l,
761 1967 811 2004 etc.
824 1953 950 2022 Dejanira
966 1951 1037 2024 apud
1056 1951 1196 2016 Ovidium,
1215 1953 1264 2003 lle·

217 2047 265 2094 ao,
280 2030 309 2096 8,
327 2033 377 2096 lll,
394 2031 423 2095 3,
439 2031 489 2092 32,
507 2033 556 2096 IV,
569 2030 602 2098 4,
620 2033 661 2100 ²4·
677 2031 716 2082 De
761 2029 848 2082 roidd.
861 2031 910 2096 lX,
926 2029 959 2100 75
973 2050 979 2080 :
995 2031 1078 2081 «Non
1105 2030 1196 2102 fugis,
1216 2030 1263 2082 Al-

215 2106 277 2158 iaeu
295 2109 391 2180 quoeo
404 2107 504 2180 Lydiae,
520 2108 634 2174 Plinius,
650 2111 716 2162 llist.
761 2107 833 2174 eide,
848 2109 981 2160 victricem
994 2106 1062 2160 mille
1075 2106 1198 2167 laborum
1212 2111 1263 2160 lle·

215 2187 276 2238 Nat.
293 2188 326 2252 V,
342 2203 383 2255 ²9·
400 2187 477 2238 -Si
494 2187 629 2240 Bartbium
642 2185 718 2240 audi·
762 2183 852 2238 edibus
859 2185 1132 2258 calathisimposuisse
1140 2189 1264 2239 manum?

215 2283 287 2329 mus,
301 2263 446 2318 -eroeelare
456 2268 534 2317 servit
543 2279 623 2338 poeta
633 2283 717 2318 cause
761 2266 908 2338 Crassaque
922 2264 1032 2316 robusto
1045 2264 1154 2318 deducis
1169 2266 1263 2339 pollice

214 2365 267 2398 suae
280 2367 287 2397 ι
302 2363 416 2419 namque
432 2341 564 2420 Onipbule
576 2349 674 2414 dueta,
691 2359 717 2398 et
762 2341 824 2408 iila,
843 2343 982 2414 AEquaque
995 2343 1118 2395 formosae
1127 2363 1208 2415 pensa
1222 2364 1264 2397 re·

215 2422 318 2496 puella,
330 2438 355 2478 et
368 2423 450 2498 Lydia
462 2423 582 2497 adeoque
597 2421 716 2474 mollissi-
761 2419 855 2494 pendis
866 2420 974 2472 heraet.

215 2521 274 2568 ma,
300 2517 387 2556 tamen
408 2505 547 2577 imperavit
570 2501 685 2558 Herculi.
701 2527 712 2549 ι
797 2519 838 2553 aa.
858 2501 908 2568 Ut,
926 2503 962 2553 ita
977 2503 1113 2554 ut.·-De
1129 2513 1200 2556 cocto
1217 2523 1264 2576 aq-

216 2579 318 2634 Scilicet
330 2601 403 2634 error
412 2583 445 2634 ab
456 2585 528 2635 omui
538 2597 658 2654 tempore
667 2585 716 2636 cri·
757 2601 818 2655 pere
831 2581 889 2634 vide
905 2583 1026 2635 Curtium
1043 2603 1102 2636 mox
1121 2581 1263 2636 citandum.

215 2661 328 2714 tinorum
340 2665 402 2729 fuit,
413 2683 444 2717 ex
453 2665 582 2736 ejusmodi
591 2664 716 2735 subjectis
797 2663 839 2715 23.
858 2663 940 2715 Missi.
957 2662 1072 2715 Immissi
1088 2665 1146 2735 quis
1163 2665 1262 2734 primus

216 2741 334 2795 versibus
343 2743 469 2796 accedere
479 2749 612 2798 sententiae
623 2747 716 2798 fortio·
759 2743 821 2794 viris
834 2740 922 2794 ductis
936 2743 1111 2812 persuaserit,
1128 2761 1181 2793 non
1197 2760 1263 2794 con-

217 2835 271 2870 rem
291 2821 507 2892 significationem
526 2823 600 2876 velle.
620 2823 716 2888 Error,
760 2831 819 2870 stat.
840 2816 1015 2871 Menteliauus
1038 2837 1099 2870 cum
1119 2822 1262 2891 antiquitus
1357 2844 1362 2854 ·

215 2897 340 2969 inquam,
352 2896 531 2967 hauddubie,
546 2919 599 2970 quo
613 2901 716 2970 regulas
760 2895 838 2948 editis
855 2895 938 2961 misit,
953 2895 1006 2948 boc
1022 2909 1077 2962 est,
1097 2898 1263 2962 Semiramis,

216 2974 349 3028 scribendi
359 2989 461 3028 nostras
470 2976 504 3028 ad
515 2980 660 3029 orationem
668 2979 717 3030 Lu·
761 2972 909 3045 probante,
920 2971 967 3024 sed
979 2973 1087 3040 frustra,
1102 2974 1263 3026 Burmanno.

216 3055 298 3107 tinam
310 3055 477 3107 transferunt.
491 3053 613 3127 Epitheta
626 3069 653 3107 et
666 3055 716 3108 alia
761 3053 841 3103 llecte
855 3049 954 3104 babent
967 3053 1058 3126 scripti
1070 3073 1162 3108 omnes
1175 3055 1202 3106 in
1219 3056 1265 3108 ad-

216 3137 313 3208 queris
330 3133 434 3200 addita,
451 3137 472 3188 si
486 3135 552 3188 nihil
565 3150 611 3190 aut
622 3155 717 3208 parum
762 3149 860 3184 vertum
876 3131 945 3185 mitti
956 3151 1061 3198 currus,
1076 3133 1155 3206 plane
1165 3149 1194 3186 ut
1206 3135 1265 3188 mis·

215 3231 269 3266 rem
279 3217 386 3286 juvant,
401 3221 546 3286 spernimus
562 3214 615 3268 boc
625 3235 679 3268 aero
690 3229 717 3268 et
760 3231 801 3267 sus
812 3231 892 3286 equus
904 3232 981 3267 versu
995 3213 1039 3281 64.
1051 3244 1085 3254 -
1095 3215 1218 3282 Curtius,
1227 3218 1266 3282 V,

216 3312 324 3364 prorsus
348 3295 481 3365 rejicimus
503 3317 509 3345 ε
536 3295 599 3366 quid
629 3305 717 3347 autem
765 3311 792 3360 r,
814 3293 847 3346 25
865 3315 870 3344 :
891 3293 1012 3348 sMurus
1029 3294 1202 3368 (Rabylonis)
1222 3297 1262 3346 in-

217 3371 718 3446 apudRomanospoetasbisipsisotio·
761 3387 875 3428 structus
883 3372 1011 3427 laterculo
1023 3374 1263 3441 coctili,bitumine

218 3449 252 3501 sis
271 3453 430 3502 ornamentis
453 3451 636 3524 frequentius?
656 3451 717 3503 illo·
761 3453 907 3522 iuterlitus,
920 3457 1034 3526 spatium
1048 3471 1098 3507 m
1111 3468 1136 3506 et
1150 3453 1264 3504 duomru

218 3547 276 3580 rum
289 3531 717 3605 vocabuloquisignorat,posita
761 3532 859 3605 pedum
887 3532 1053 3586 latitudinem
1078 3531 1264 3604 amplectitur:

218 3625 273 3658 nou
285 3619 315 3659 ut
326 3611 377 3660 rim
391 3623 417 3662 et
429 3611 534 3681 pondus
546 3613 661 3676 faciant,
671 3611 717 3666 sed
763 3611 893 3684 quadrigre
907 3615 975 3665 inter
990 3630 1018 3665 se
1035 3621 1203 3662 occurrentes
1218 3607 1264 3678 (iu

218 3697 248 3736 ut
266 3686 349 3760 oratio
367 3685 469 3758 plenior
482 3689 546 3742 lluat
560 3704 587 3743 et
603 3690 718 3764 rhythmi
761 3691 896 3742 advenum
929 3689 1028 3762 missu)
1059 3690 1115 3740 sine
1144 3687 1263 3759 periculo

218 3768 718 3842 queratursusritasi'l'slembieaguo·
762 3766 1074 3820 commearediouutur.·

219 3863 265 3896 seo
279 3845 407 3917 Propertii
420 3867 540 3918 versum,
554 3871 633 3923 quern
648 3854 718 3922 cogit
799 3845 840 3899 26.
864 3845 982 3898 Setun.
1005 3843 1117 3898 Codices
1135 3865 1140 3894 ε
1159 3845 1263 3897 «iussit

218 3924 434 3995 interpretatione
452 3943 500 3977 sua
515 3947 637 3999 premens
652 3931 716 3982 llar-
762 3939 788 3978 et
801 3925 912 3997 imperio
923 3941 1026 3998 surpere
1042 3923 1135 3974 bactra
1149 3935 1260 3995 eaput.-

218 4003 289 4056 tbius
301 4003 334 4056 ad
349 4003 515 4058 reddendum
532 4027 643 4062 sonum:
657 4031 717 4062 ora·
762 4001 851 4054 Scribe
874 4022 935 4055 cum
953 4003 1103 4053 Rormanno
1121 4014 1219 4072 patruo
1237 4013 1262 4052 et

220 4077 297 4127 tionis
318 4087 345 4126 et
365 4077 514 4147 prosodite,
535 4095 564 4132 ut
583 4081 669 4132 multis
690 4083 717 4132 in
762 4081 908 4135 Schradero
922 4083 1040 4146 subdere,
1060 4094 1089 4133 ut
1110 4079 1263 4133 historicam
