3128 4766
195 469 202 490 x
305 407 347 450 so
627 383 887 448 PROPERTll
912 385 1025 448 VlTA

302 511 409 571 Gallus
418 507 579 591 prefectus
591 507 724 589 AEgypti.
736 509 779 568 M.
791 508 929 568 Valerius
938 506 1067 568 Messala
1078 509 1117 568 ab
1128 509 1266 590 Augusto
1275 530 1346 570 curn

302 607 434 689 imperio
446 606 480 665 in
492 606 595 665 Asiam
604 605 752 680 mittitur,
765 603 803 663 ad
817 605 923 664 turbas
937 605 977 664 ab
989 605 1114 665 Antonii
1127 604 1347 686 gladiatoribus

301 704 364 764 illic
375 705 518 765 excitatas
530 701 776 784 componendas,
791 701 928 782 aliasque
939 701 1031 762 simul
1047 721 1094 761 res
1105 701 1346 762 constituendos.

301 802 348 864 Cf.
364 801 425 860 Dio
444 799 499 875 Ll,
514 819 577 860 non
596 799 690 879 longe
709 820 727 859 a
745 799 878 881 princip.
897 800 995 880 Atque
1016 798 1055 859 ad
1073 797 1134 859 hoc
1152 818 1210 879 ego
1226 811 1348 881 ternpus

300 901 400 962 refero
412 914 475 961 tam
489 900 687 981 scriptionem
699 897 804 980 elegire
816 899 836 958 6
848 897 902 958 lib.
918 900 949 974 l,
964 919 1060 980 quam
1071 899 1241 958 editionem
1252 899 1347 958 totius

300 999 383 1060 illius
399 997 486 1074 libri,
504 1017 596 1077 quem
611 994 743 1059 Volcatio
759 992 858 1070 Tullo,
872 995 926 1076 qui
947 996 982 1056 Δ.
1003 996 1042 1054 U.
1064 1015 1118 1078 7²¹
1138 1015 1211 1056 cum
1229 995 1347 1055 Caesare

299 1096 471 1157 Octaviano
484 1093 594 1156 consul
611 1092 729 1169 fuerat,
747 1093 842 1174 elegia
860 1094 961 1176 prima
979 1092 1102 1169 addita,
1123 1093 1284 1175 inscripsit.
1301 1093 1346 1153 Ab

299 1191 359 1254 hoc
379 1205 485 1252 tamen
505 1191 572 1274 ipso
593 1189 688 1250 Tullo
712 1190 865 1251 diversum
888 1203 989 1250 statuo
1011 1189 1120 1265 illum,
1134 1189 1173 1250 ad
1192 1209 1285 1271 quern
1303 1203 1348 1249 est

298 1289 393 1371 elegia
407 1288 428 1347 6
442 1285 497 1347 lib.
515 1287 543 1362 l,
555 1299 585 1346 et
597 1308 633 1345 22
646 1286 701 1346 lib.
716 1287 771 1347 lll.
783 1287 901 1347 Scilicet
915 1287 968 1347 ille
977 1286 1100 1364 Tullus,
1112 1287 1161 1348 cui
1171 1285 1347 1368 Propertius

298 1384 455 1464 inscripsit
468 1402 556 1443 suam
572 1383 756 1457 0111111111,
772 1395 817 1442 est
830 1383 863 1442 L.
880 1380 1029 1446 Volcatius
1045 1379 1159 1456 Tullus,
1175 1380 1296 1463 &filim
1308 1383 1347 1461 (is

299 1485 411 1546 Lucius
430 1483 558 1543 fortasse
576 1480 628 1540 ille
642 1482 707 1563 ipse
721 1497 784 1556 est,
803 1483 857 1562 qui
877 1483 912 1540 A.
933 1481 970 1540 U.
992 1482 1050 1540 688
1067 1479 1174 1540 consul
1195 1479 1256 1540 fuit
1275 1501 1347 1540 curn

298 1582 341 1642 M.
363 1579 487 1658 AEmilio
504 1577 654 1660 Lepido),
673 1579 728 1659 qui
752 1597 823 1637 cum
837 1577 955 1637 Caesare
970 1576 998 1635 11
1012 1575 1138 1636 consule
1152 1573 1346 1636 consulatum

297 1679 397 1762 gessit.
412 1677 468 1738 Sed
488 1677 512 1737 is
531 1677 595 1758 ipsc
609 1674 716 1736 consul
734 1675 820 1735 haud
839 1674 933 1734 dubie
951 1672 1011 1734 fuit
1029 1687 1151 1756 patruus
1168 1669 1248 1732 illius
1270 1671 1348 1732 Tulli

288 1773 433 1858 junioris,
448 1771 487 1834 ad
500 1791 595 1852 quem
610 1783 653 1830 est
667 1769 764 1852 elegia
775 1773 794 1831 6
804 1769 857 1830 lib.
871 1762 908 1846 l,¹
920 1767 1115 1850 significante
1130 1771 1199 1850 ipso
1216 1769 1346 1850 Proper·

297 1873 341 1930 rio
350 1891 393 1930 vs.
412 1889 457 1950 ¹9·
469 1879 477 1910 ¹
493 1870 598 1952 Neque
607 1869 690 1929 enirn
699 1870 860 1950 antiquior
869 1866 921 1929 ille
929 1867 1053 1942 Tullus,
1066 1889 1136 1927 curn
1146 1865 1263 1948 Lepido
1272 1887 1347 1927 con·

298 1966 362 2040 sul,
378 1965 453 2026 adeo
467 1966 560 2025 rebus
574 1967 663 2046 gestis
677 1964 835 2040 inclaruit,
850 1977 886 2026 ut
899 1965 1078 2047 Propertius
1093 1961 1157 2046 ejus
1171 1983 1243 2024 curn
1256 1961 1348 2024 laude

298 2064 474 2124 meminisse
488 2063 637 2126 videatur.
653 2064 772 2124 Rectius
785 2062 904 2138 credas,
920 2075 1044 2146 poetam
1057 2064 1129 2122 viro
1140 2082 1197 2124 suo
1214 2074 1348 2144 patrono

297 2158 392 2222 Tullo
406 2159 569 2222 adulatum
583 2161 677 2221 fnisse
690 2181 779 2220 versu
795 2158 868 2220 illo:

483 2314 519 2358 Tu
528 2313 606 2374 putrui
614 2313 708 2360 meritas
719 2327 802 2358 conare
812 2310 900 2358 anteire
908 2327 1007 2358 sccnrer.

297 2427 356 2486 Hic
370 2426 466 2508 igitur
479 2425 580 2487 adhuc
595 2427 717 2508 juvenis
731 2441 811 2500 crat,
826 2439 870 2501 et,
886 2427 919 2484 ni
932 2425 1040 2502 fallor,
1055 2425 1181 2507 aequalis
1194 2425 1257 2486 iere
1271 2427 1347 2487 Pro-

297 2527 413 2606 pertio,
424 2545 481 2584 nec
494 2524 570 2584 dum
582 2525 718 2606 aliquem
728 2525 941 2604 magistratum
953 2537 1097 2604 gesserat,
1110 2524 1162 2584 sed
1173 2526 1274 2584 omnis
1283 2521 1347 2605 ejus

296 2617 425 2680 fortuna
439 2632 469 2678 et
482 2640 550 2701 spes
565 2618 666 2679 adhuc
681 2620 714 2678 in
729 2617 826 2678 herba
840 2632 918 2692 erat,
934 2619 1023 2678 sicuti
1039 2639 1073 2679 ex
1086 2619 1160 2699 eleg.
1176 2641 1211 2678 22
1224 2619 1276 2679 lib.
1290 2620 1347 2695 lll,

296 2715 350 2790 do,
364 2735 430 2775 non
443 2716 546 2797 inepte
556 2713 690 2794 colligas.
704 2715 762 2774 Hic
770 2714 880 2796 junior
893 2714 1014 2790 Tullus,
1028 2713 1112 2774 filius
1125 2714 1228 2776 fratris
1239 2736 1348 2776 consu-

296 2811 349 2887 lis,
365 2833 382 2871 a
396 2811 560 2892 Propertio
579 2823 708 2870 vocatur
721 2810 768 2888 (1,
787 2810 826 2886 6,
846 2807 903 2890 34)
920 2831 989 2892 pars
1002 2814 1113 2892 accepti
1130 2813 1244 2892 imperii
1250 2837 1261 2886 ‚-
1277 2831 1347 2893 quae

295 2907 415 2991 phrasis
436 2905 513 2966 nihil
536 2903 623 2966 aliud
646 2906 814 2987 significat,
836 2927 930 2988 qnam
944 2906 1092 2988 juvenem
1110 2907 1200 2967 illum
1220 2908 1346 2968 Tullum

296 3002 390 3064 fuisse
408 3003 442 3062 in
457 2999 601 3079 cohorte,
616 3001 648 3062 id
663 3015 706 3063 est
724 3003 804 3062 inter
815 3005 942 3064 comites
954 3017 983 3063 et
994 3004 1108 3065 amicos
1116 3005 1175 3064 viri
1186 3003 1346 3087 cujusdam

296 3099 373 3162 clari
385 3114 416 3160 et
429 3100 615 3177 consularis,
629 3101 679 3160 cui
693 3101 881 3162 Octavianus
896 3101 1054 3184 singulare
1069 3101 1229 3182 quoddam
1248 3105 1346 3184 impe·

296 3199 395 3272 rium,
408 3195 564 3270 dederit²·,
579 3197 668 3258 sicuti
680 3197 708 3271 l,
725 3217 777 3272 ar,
792 3194 826 3276 4,
837 3219 906 3280 pars
920 3199 1030 3258 militioe
1039 3213 1083 3258 est
1096 3217 1177 3258 unus
1189 3196 1226 3256 de
1239 3197 1345 3257 militi-

335 3339 528 3408 r.Conjecturn
541 3337 798 3410 Barthii,quernnon
843 3340 878 3394 nd
893 3359 972 3414 quem
990 3351 1093 3392 exstant
1107 3336 1195 3408 elegire
1211 3359 1217 3388 ε
1235 3336 1269 3391 de
1289 3341 1346 3410 pri·

297 3417 450 3486 accipimus.
477 3416 570 3487 Neque
596 3417 665 3467 enim
690 3417 717 3466 in
741 3428 798 3467 toto
844 3440 888 3472 mo
912 3431 1000 3472 autern
1018 3417 1086 3471 libro
1111 3431 1172 3488 post
1195 3417 1346 3470 Lachman-

295 3497 433 3566 Propertio
449 3491 557 3546 verbum
573 3495 704 3560 occurrit,
727 3493 799 3567 quod
844 3515 908 3548 num
924 3497 1001 3548 nobis
1015 3497 1053 3548 ita
1068 3493 1187 3560 videtur,
1205 3507 1234 3546 ut
1252 3513 1345 3567 parurn

296 3587 342 3626 ant
364 3573 564 3644 inscriptionem
590 3574 668 3625 istam
693 3584 798 3624 tueatur
843 3587 913 3627 recte
934 3573 968 3627 ad
989 3573 1061 3625 hune
1081 3591 1166 3646 usquc
1183 3573 1253 3626 diem
1269 3594 1285 3627 a
1304 3593 1344 3628 se-

294 3654 355 3707 libri
368 3656 446 3725 primi
462 3654 497 3706 ad
514 3652 635 3720 Tullum,
650 3664 696 3704 ant
715 3653 797 3705 fuisse
843 3650 932 3705 cundo
946 3653 1077 3724 tertioque
1093 3665 1231 3722 separatus
1247 3653 1344 3722 luerit,

294 3732 387 3786 'Pullos
399 3734 617 3806 duos,patrunm
627 3745 653 3786 et
662 3746 796 3803 nepotem,
842 3732 938 3803 quibus
962 3729 1046 3783 tribus
1076 3733 1226 3802 conjunctis
1248 3732 1344 3786 Noster

294 3813 437 3882 significet,
451 3811 501 3864 snb
511 3811 615 3864 diverso
627 3827 739 3881 quorum
751 3827 797 3860 no·
841 3807 948 3860 titulum
964 3809 1084 3860 Crnrarn
1110 3809 1281 3880 inscripserit.
1299 3813 1354 3868 Vi·,

294 3893 366 3942 mine
376 3891 478 3962 aliquot
487 3903 571 3962 poeta
581 3889 665 3941 nostri
679 3889 795 3940 carmina
841 3886 874 3940 de
899 3899 955 3938 not.
979 3885 1044 3938 libro
1066 3889 1078 3939 l
1100 3890 1259 3958 premissam
1279 3909 1340 3962 paq.

293 3967 436 4040 prodeant.
445 3973 534 4022 Unum
546 3957 720 4038 eumdemque
729 3965 796 4017 Tnl·
840 3965 885 4018 ³5.
902 3965 949 4016 En.

292 4047 348 4100 luur
357 4085 366 4114 ,
376 4051 526 4118 juniorem,
537 4049 649 4100 iacimus
659 4063 706 4098 nos
719 4063 796 4111 eum,
878 4061 902 4096 1.
915 4041 983 4096 vid·
996 4056 1052 4096 not.
1064 4045 1093 4110 l,
1107 4043 1140 4110 6,
1153 4043 1195 4110 34.
