<?xml version="1.0" encoding="UTF-8"?>
<!DOCTYPE html PUBLIC "-//W3C//DTD XHTML 1.0 Transitional//EN"
    "http://www.w3.org/TR/xhtml1/DTD/xhtml1-transitional.dtd">
<html xmlns="http://www.w3.org/1999/xhtml" xml:lang="en" lang="en">
 <head>
  <title>
</title>
<meta http-equiv="Content-Type" content="text/html;charset=utf-8" />
  <meta name='ocr-system' content='tesseract 3.04.00' />
  <meta name='ocr-capabilities' content='ocr_page ocr_carea ocr_par ocr_line ocrx_word'/>
</head>
<body>
  <div class='ocr_page' id='page_1' title='image "./sextiaureliipro00propgoog_0512.png"; bbox 0 0 3134 4758; ppageno 0'>
   <div class='ocr_carea' id='block_1_1' title="bbox 309 351 1058 428">
    <p class='ocr_par' dir='ltr' id='par_1_1' title="bbox 309 351 1058 428">
     <span class='ocr_line' id='line_1_1' title="bbox 309 351 1058 428; baseline -0.013 -2"><span class='ocrx_word' id='word_1_1' title='bbox 309 358 375 428; x_wconf 74' lang='lat' dir='ltr'><strong>Boo</strong></span> <span class='ocrx_word' id='word_1_2' title='bbox 599 354 861 420; x_wconf 85' lang='lat' dir='ltr'><strong>PROPERTll</strong></span> <span class='ocrx_word' id='word_1_3' title='bbox 886 351 973 418; x_wconf 79' lang='lat' dir='ltr'><strong>LtB.</strong></span> <span class='ocrx_word' id='word_1_4' title='bbox 999 353 1058 416; x_wconf 88' lang='lat' dir='ltr'><strong>lV.</strong></span> 
     </span>
    </p>
   </div>
   <div class='ocr_carea' id='block_1_2' title="bbox 351 480 1242 798">
    <p class='ocr_par' dir='ltr' id='par_1_2' title="bbox 351 480 1242 798">
     <span class='ocr_line' id='line_1_2' title="bbox 352 480 1242 582; baseline -0.007 -24"><span class='ocrx_word' id='word_1_5' title='bbox 352 491 478 582; x_wconf 82' lang='lat' dir='ltr'>Sperne</span> <span class='ocrx_word' id='word_1_6' title='bbox 489 483 607 566; x_wconf 90' lang='lat' dir='ltr'><strong>fidem,</strong></span> <span class='ocrx_word' id='word_1_7' title='bbox 620 480 780 576; x_wconf 89' lang='lat' dir='ltr'><strong>provolve</strong></span> <span class='ocrx_word' id='word_1_8' title='bbox 792 481 891 566; x_wconf 91' lang='lat' dir='ltr'><strong>deos,</strong></span> <span class='ocrx_word' id='word_1_9' title='bbox 903 481 1078 551; x_wconf 80' lang='lat' dir='ltr'><strong>mendesio</strong></span> <span class='ocrx_word' id='word_1_10' title='bbox 1088 486 1242 566; x_wconf 83' lang='lat' dir='ltr'><strong>vineant,</strong></span> 
     </span>
     <span class='ocr_line' id='line_1_3' title="bbox 399 591 1032 690; baseline -0.011 -24"><span class='ocrx_word' id='word_1_11' title='bbox 399 604 528 690; x_wconf 76' lang='lat' dir='ltr'><strong>Frange</strong></span> <span class='ocrx_word' id='word_1_12' title='bbox 540 612 574 663; x_wconf 90' lang='lat' dir='ltr'><strong>et</strong></span> <span class='ocrx_word' id='word_1_13' title='bbox 585 594 756 662; x_wconf 82' lang='lat' dir='ltr'><strong>demnosae</strong></span> <span class='ocrx_word' id='word_1_14' title='bbox 764 591 843 688; x_wconf 84' lang='lat' dir='ltr'><strong>juro</strong></span> <span class='ocrx_word' id='word_1_15' title='bbox 854 592 1032 686; x_wconf 83' lang='lat' dir='ltr'><strong>pudicitiae.</strong></span> 
     </span>
     <span class='ocr_line' id='line_1_4' title="bbox 351 703 1205 798; baseline -0.007 -20"><span class='ocrx_word' id='word_1_16' title='bbox 351 715 394 778; x_wconf 89' lang='lat' dir='ltr'><strong>Et</strong></span> <span class='ocrx_word' id='word_1_17' title='bbox 406 707 564 780; x_wconf 85' lang='lat' dir='ltr'><strong>simulare</strong></span> <span class='ocrx_word' id='word_1_18' title='bbox 578 709 688 772; x_wconf 92' lang='lat' dir='ltr'><strong>virum</strong></span> <span class='ocrx_word' id='word_1_19' title='bbox 699 706 848 798; x_wconf 89' lang='lat' dir='ltr'><strong>pretium</strong></span> <span class='ocrx_word' id='word_1_20' title='bbox 858 703 948 772; x_wconf 81' lang='lat' dir='ltr'><strong>facit.</strong></span> <span class='ocrx_word' id='word_1_21' title='bbox 964 707 1205 774; x_wconf 82' lang='lat' dir='ltr'><strong>Utere-causis:</strong></span> 
     </span>
    </p>
   </div>
   <div class='ocr_carea' id='block_1_3' title="bbox 351 817 1354 1789">
    <p class='ocr_par' dir='ltr' id='par_1_3' title="bbox 351 817 1354 1789">
     <span class='ocr_line' id='line_1_5' title="bbox 396 817 1354 914; baseline -0.008 -24"><span class='ocrx_word' id='word_1_22' title='bbox 396 818 505 914; x_wconf 82' lang='lat' dir='ltr'><strong>Major</strong></span> <span class='ocrx_word' id='word_1_23' title='bbox 517 817 621 887; x_wconf 84' lang='lat' dir='ltr'><strong>dilata</strong></span> <span class='ocrx_word' id='word_1_24' title='bbox 632 831 730 886; x_wconf 88' lang='lat' dir='ltr'><strong>nocte</strong></span> <span class='ocrx_word' id='word_1_25' title='bbox 744 832 896 883; x_wconf 86' lang='lat' dir='ltr'><strong>recurret</strong></span> <span class='ocrx_word' id='word_1_26' title='bbox 908 839 1013 883; x_wconf 82' lang='lat' dir='ltr'><strong>amor.</strong></span> <span class='ocrx_word' id='word_1_27' title='bbox 1318 828 1354 882; x_wconf 82' lang='lat'><strong>30</strong></span> 
     </span>
     <span class='ocr_line' id='line_1_6' title="bbox 351 921 1041 1009; baseline -0.012 -10"><span class='ocrx_word' id='word_1_28' title='bbox 351 933 383 1000; x_wconf 92' lang='lat' dir='ltr'><strong>Si</strong></span> <span class='ocrx_word' id='word_1_29' title='bbox 395 929 454 998; x_wconf 92' lang='lat' dir='ltr'><strong>tibi</strong></span> <span class='ocrx_word' id='word_1_30' title='bbox 467 929 553 997; x_wconf 84' lang='lat' dir='ltr'><strong>forte</strong></span> <span class='ocrx_word' id='word_1_31' title='bbox 565 941 677 996; x_wconf 84' lang='lat' dir='ltr'><strong>comas</strong></span> <span class='ocrx_word' id='word_1_32' title='bbox 690 927 860 994; x_wconf 83' lang='lat' dir='ltr'><strong>vexaverit</strong></span> <span class='ocrx_word' id='word_1_33' title='bbox 873 921 962 992; x_wconf 85' lang='lat' dir='ltr'><strong>utilis</strong></span> <span class='ocrx_word' id='word_1_34' title='bbox 975 927 1041 1009; x_wconf 84' lang='lat' dir='ltr'><strong>iro,</strong></span> 
     </span>
     <span class='ocr_line' id='line_1_7' title="bbox 397 1035 1144 1129; baseline -0.011 -19"><span class='ocrx_word' id='word_1_35' title='bbox 397 1047 477 1110; x_wconf 84' lang='lat' dir='ltr'><strong>Post</strong></span> <span class='ocrx_word' id='word_1_36' title='bbox 487 1039 590 1109; x_wconf 90' lang='lat' dir='ltr'><strong>modo</strong></span> <span class='ocrx_word' id='word_1_37' title='bbox 601 1052 747 1107; x_wconf 84' lang='lat' dir='ltr'><strong>mercata</strong></span> <span class='ocrx_word' id='word_1_38' title='bbox 758 1059 841 1129; x_wconf 83' lang='lat' dir='ltr'><strong>pace</strong></span> <span class='ocrx_word' id='word_1_39' title='bbox 852 1035 1058 1129; x_wconf 87' lang='lat' dir='ltr'><strong>premendus</strong></span> <span class='ocrx_word' id='word_1_40' title='bbox 1070 1038 1144 1104; x_wconf 89' lang='lat' dir='ltr'><strong>erit.</strong></span> 
     </span>
     <span class='ocr_line' id='line_1_8' title="bbox 351 1146 1244 1246; baseline -0.006 -25"><span class='ocrx_word' id='word_1_41' title='bbox 351 1155 505 1246; x_wconf 89' lang='lat' dir='ltr'><strong>Denique</strong></span> <span class='ocrx_word' id='word_1_42' title='bbox 516 1150 574 1218; x_wconf 92' lang='lat' dir='ltr'><strong>ubi</strong></span> <span class='ocrx_word' id='word_1_43' title='bbox 584 1146 742 1242; x_wconf 75' lang='lat' dir='ltr'><strong>amplexu</strong></span> <span class='ocrx_word' id='word_1_44' title='bbox 753 1152 920 1213; x_wconf 84' lang='lat' dir='ltr'><strong>Venerem</strong></span> <span class='ocrx_word' id='word_1_45' title='bbox 932 1147 1126 1238; x_wconf 81' lang='lat' dir='ltr'><strong>promiseris</strong></span> <span class='ocrx_word' id='word_1_46' title='bbox 1138 1163 1244 1230; x_wconf 88' lang='lat' dir='ltr'><strong>emto,</strong></span> 
     </span>
     <span class='ocr_line' id='line_1_9' title="bbox 397 1255 1028 1352; baseline -0.011 -21"><span class='ocrx_word' id='word_1_47' title='bbox 397 1269 464 1331; x_wconf 84' lang='lat' dir='ltr'><strong>Fac</strong></span> <span class='ocrx_word' id='word_1_48' title='bbox 476 1260 614 1332; x_wconf 84' lang='lat' dir='ltr'><strong>simules</strong></span> <span class='ocrx_word' id='word_1_49' title='bbox 626 1281 731 1352; x_wconf 87' lang='lat' dir='ltr'><strong>puros</strong></span> <span class='ocrx_word' id='word_1_50' title='bbox 744 1255 841 1327; x_wconf 88' lang='lat' dir='ltr'><strong>isidis</strong></span> <span class='ocrx_word' id='word_1_51' title='bbox 853 1279 927 1325; x_wconf 88' lang='lat' dir='ltr'><strong>esse</strong></span> <span class='ocrx_word' id='word_1_52' title='bbox 938 1257 1028 1342; x_wconf 88' lang='lat' dir='ltr'><strong>dies;</strong></span> 
     </span>
     <span class='ocr_line' id='line_1_10' title="bbox 353 1365 1353 1466; baseline -0.006 -25"><span class='ocrx_word' id='word_1_53' title='bbox 353 1378 488 1466; x_wconf 79' lang='lat' dir='ltr'><strong>Ingeret</strong></span> <span class='ocrx_word' id='word_1_54' title='bbox 498 1369 629 1465; x_wconf 83' lang='lat' dir='ltr'><strong>Apriles</strong></span> <span class='ocrx_word' id='word_1_55' title='bbox 642 1369 712 1438; x_wconf 90' lang='lat' dir='ltr'><strong>Iole</strong></span> <span class='ocrx_word' id='word_1_56' title='bbox 725 1365 934 1450; x_wconf 86' lang='lat' dir='ltr'><strong>tibi‚·tundut</strong></span> <span class='ocrx_word' id='word_1_57' title='bbox 944 1367 1098 1462; x_wconf 79' lang='lat' dir='ltr'><strong>Amycle,</strong></span> <span class='ocrx_word' id='word_1_58' title='bbox 1317 1382 1353 1440; x_wconf 84' lang='lat'><strong>35</strong></span> 
     </span>
     <span class='ocr_line' id='line_1_11' title="bbox 398 1477 995 1550; baseline -0.008 1"><span class='ocrx_word' id='word_1_59' title='bbox 398 1480 552 1550; x_wconf 80' lang='lat' dir='ltr'><strong>Natalem</strong></span> <span class='ocrx_word' id='word_1_60' title='bbox 563 1482 660 1548; x_wconf 78' lang='lat' dir='ltr'><strong>Maiis</strong></span> <span class='ocrx_word' id='word_1_61' title='bbox 674 1477 789 1548; x_wconf 88' lang='lat' dir='ltr'><strong>ldibus</strong></span> <span class='ocrx_word' id='word_1_62' title='bbox 801 1501 875 1546; x_wconf 86' lang='lat' dir='ltr'><strong>esse</strong></span> <span class='ocrx_word' id='word_1_63' title='bbox 887 1496 995 1548; x_wconf 89' lang='lat' dir='ltr'><strong>tuum.</strong></span> 
     </span>
     <span class='ocr_line' id='line_1_12' title="bbox 353 1585 1161 1686; baseline -0.01 -23"><span class='ocrx_word' id='word_1_64' title='bbox 353 1591 500 1686; x_wconf 83' lang='lat' dir='ltr'><strong>Supplex</strong></span> <span class='ocrx_word' id='word_1_65' title='bbox 512 1590 569 1659; x_wconf 90' lang='lat' dir='ltr'><strong>ille</strong></span> <span class='ocrx_word' id='word_1_66' title='bbox 584 1589 678 1659; x_wconf 87' lang='lat' dir='ltr'><strong>sedet</strong></span> <span class='ocrx_word' id='word_1_67' title='bbox 691 1615 699 1656; x_wconf 90' lang='lat'>:</span> <span class='ocrx_word' id='word_1_68' title='bbox 714 1592 821 1683; x_wconf 84' lang='lat' dir='ltr'><strong>posite</strong></span> <span class='ocrx_word' id='word_1_69' title='bbox 834 1604 871 1656; x_wconf 92' lang='lat' dir='ltr'><strong>tu</strong></span> <span class='ocrx_word' id='word_1_70' title='bbox 883 1587 991 1656; x_wconf 85' lang='lat' dir='ltr'><strong>scribe</strong></span> <span class='ocrx_word' id='word_1_71' title='bbox 1004 1585 1161 1656; x_wconf 82' lang='lat' dir='ltr'><strong>cathedre</strong></span> 
     </span>
     <span class='ocr_line' id='line_1_13' title="bbox 398 1695 1120 1789; baseline -0.003 -23"><span class='ocrx_word' id='word_1_72' title='bbox 398 1697 590 1786; x_wconf 89' lang='lat' dir='ltr'><strong>Quidlibet:</strong></span> <span class='ocrx_word' id='word_1_73' title='bbox 604 1696 665 1765; x_wconf 84' lang='lat' dir='ltr'><strong>has</strong></span> <span class='ocrx_word' id='word_1_74' title='bbox 677 1713 766 1764; x_wconf 84' lang='lat' dir='ltr'><strong>ortes</strong></span> <span class='ocrx_word' id='word_1_75' title='bbox 779 1696 807 1764; x_wconf 87' lang='lat' dir='ltr'><strong>si</strong></span> <span class='ocrx_word' id='word_1_76' title='bbox 819 1713 919 1789; x_wconf 86' lang='lat' dir='ltr'><strong>pavet</strong></span> <span class='ocrx_word' id='word_1_77' title='bbox 930 1695 1002 1778; x_wconf 89' lang='lat' dir='ltr'><strong>ille,</strong></span> <span class='ocrx_word' id='word_1_78' title='bbox 1015 1713 1120 1766; x_wconf 87' lang='lat' dir='ltr'><strong>tenes.</strong></span> 
     </span>
    </p>
   </div>
   <div class='ocr_carea' id='block_1_4' title="bbox 299 1901 1355 4108">
    <p class='ocr_par' dir='ltr' id='par_1_4' title="bbox 299 1901 1355 4108">
     <span class='ocr_line' id='line_1_14' title="bbox 306 1901 1355 1978; baseline -0.004 -20"><span class='ocrx_word' id='word_1_79' title='bbox 306 1901 545 1978; x_wconf 80' lang='lat' dir='ltr'><strong>quommlepidurn</strong></span> <span class='ocrx_word' id='word_1_80' title='bbox 557 1920 727 1973; x_wconf 70' lang='lat' dir='ltr'><strong>gennsomne</strong></span> <span class='ocrx_word' id='word_1_81' title='bbox 737 1919 808 1954; x_wconf 88' lang='lat' dir='ltr'><strong>oom—</strong></span> <span class='ocrx_word' id='word_1_82' title='bbox 888 1903 930 1968; x_wconf 79' lang='grc'><strong>34.</strong></span> <span class='ocrx_word' id='word_1_83' title='bbox 948 1903 1022 1955; x_wconf 78' lang='lat' dir='ltr'><strong>Isidis</strong></span> <span class='ocrx_word' id='word_1_84' title='bbox 1034 1921 1114 1974; x_wconf 79' lang='lat' dir='ltr'><strong>puros</strong></span> <span class='ocrx_word' id='word_1_85' title='bbox 1126 1901 1193 1969; x_wconf 82' lang='lat' dir='ltr'><strong>dies,</strong></span> <span class='ocrx_word' id='word_1_86' title='bbox 1214 1917 1301 1956; x_wconf 82' lang='lat' dir='ltr'><strong>costos</strong></span> <span class='ocrx_word' id='word_1_87' title='bbox 1319 1901 1355 1955; x_wconf 88' lang='lat' dir='ltr'><strong>de</strong></span> 
     </span>
     <span class='ocr_line' id='line_1_15' title="bbox 304 1979 1299 2056; baseline -0.005 -20"><span class='ocrx_word' id='word_1_88' title='bbox 304 1983 447 2056; x_wconf 79' lang='lat' dir='ltr'><strong>plectimur</strong></span> <span class='ocrx_word' id='word_1_89' title='bbox 480 2000 552 2035; x_wconf 84' lang='lat' dir='ltr'><strong>nuno</strong></span> <span class='ocrx_word' id='word_1_90' title='bbox 581 1979 712 2032; x_wconf 80' lang='lat' dir='ltr'><strong>vocabulo</strong></span> <span class='ocrx_word' id='word_1_91' title='bbox 731 1981 810 2055; x_wconf 80' lang='lat' dir='ltr'><strong>fluor</strong></span> <span class='ocrx_word' id='word_1_92' title='bbox 853 1979 979 2052; x_wconf 78' lang='lat' dir='ltr'><strong>religione</strong></span> <span class='ocrx_word' id='word_1_93' title='bbox 990 1981 1072 2033; x_wconf 86' lang='lat' dir='ltr'><strong>isidis.</strong></span> <span class='ocrx_word' id='word_1_94' title='bbox 1086 1981 1151 2034; x_wconf 90' lang='lat' dir='ltr'><strong>Vide</strong></span> <span class='ocrx_word' id='word_1_95' title='bbox 1162 1981 1299 2048; x_wconf 79' lang='lat'>11‚33‚2.</span> 
     </span>
     <span class='ocr_line' id='line_1_16' title="bbox 305 2057 1354 2138; baseline 0 -26"><span class='ocrx_word' id='word_1_96' title='bbox 305 2057 810 2138; x_wconf 60' lang='lat' dir='ltr'><strong>(fluatedeobauxfflbtltomredecal-</strong></span> <span class='ocrx_word' id='word_1_97' title='bbox 888 2059 930 2111; x_wconf 84' lang='grc'><strong>35.</strong></span> <span class='ocrx_word' id='word_1_98' title='bbox 953 2061 1074 2135; x_wconf 64' lang='lat' dir='ltr'><strong>loquat,</strong></span> <span class='ocrx_word' id='word_1_99' title='bbox 1103 2075 1155 2113; x_wconf 87' lang='lat' dir='ltr'><strong>eto.</strong></span> <span class='ocrx_word' id='word_1_100' title='bbox 1178 2063 1265 2132; x_wconf 73' lang='lat' dir='ltr'><strong>dungo</strong></span> <span class='ocrx_word' id='word_1_101' title='bbox 1292 2079 1354 2112; x_wconf 88' lang='lat' dir='ltr'><strong>eum</strong></span> 
     </span>
     <span class='ocr_line' id='line_1_17' title="bbox 306 2139 1354 2212; baseline -0.001 -20"><span class='ocrx_word' id='word_1_102' title='bbox 306 2141 402 2212; x_wconf 66' lang='lat' dir='ltr'><strong>dum).</strong></span> <span class='ocrx_word' id='word_1_103' title='bbox 852 2155 927 2190; x_wconf 82' lang='lat' dir='ltr'><strong>versu</strong></span> <span class='ocrx_word' id='word_1_104' title='bbox 947 2139 981 2192; x_wconf 86' lang='grc'><strong>33</strong></span> <span class='ocrx_word' id='word_1_105' title='bbox 1000 2159 1006 2189; x_wconf 86' lang='lat'><em>=</em></span> <span class='ocrx_word' id='word_1_106' title='bbox 1028 2139 1171 2212; x_wconf 76' lang='lat' dir='ltr'><strong>uDeuique</strong></span> <span class='ocrx_word' id='word_1_107' title='bbox 1187 2139 1234 2191; x_wconf 87' lang='lat' dir='ltr'><strong>ubi</strong></span> <span class='ocrx_word' id='word_1_108' title='bbox 1248 2153 1354 2192; x_wconf 82' lang='lat' dir='ltr'><strong>noctem</strong></span> 
     </span>
     <span class='ocr_line' id='line_1_18' title="bbox 342 2217 1355 2290; baseline -0.002 -18"><span class='ocrx_word' id='word_1_109' title='bbox 342 2217 551 2290; x_wconf 77' lang='lat' dir='ltr'><strong>27.Provoluere</strong></span> <span class='ocrx_word' id='word_1_110' title='bbox 560 2217 807 2288; x_wconf 82' lang='lat' dir='ltr'><strong>deos,prorulcers;</strong></span> <span class='ocrx_word' id='word_1_111' title='bbox 853 2219 1022 2287; x_wconf 84' lang='lat' dir='ltr'><strong>promiseris,</strong></span> <span class='ocrx_word' id='word_1_112' title='bbox 1044 2218 1198 2290; x_wconf 76' lang='lat' dir='ltr'><strong>religionem</strong></span> <span class='ocrx_word' id='word_1_113' title='bbox 1219 2217 1294 2271; x_wconf 86' lang='lat' dir='ltr'><strong>isidis</strong></span> <span class='ocrx_word' id='word_1_114' title='bbox 1316 2220 1355 2272; x_wconf 88' lang='lat' dir='ltr'><strong>si·</strong></span> 
     </span>
     <span class='ocr_line' id='line_1_19' title="bbox 306 2295 1355 2372; baseline 0 -22"><span class='ocrx_word' id='word_1_115' title='bbox 306 2317 374 2372; x_wconf 89' lang='lat' dir='ltr'><strong>qnos</strong></span> <span class='ocrx_word' id='word_1_116' title='bbox 392 2299 536 2368; x_wconf 76' lang='lat' dir='ltr'><strong>juraveris,</strong></span> <span class='ocrx_word' id='word_1_117' title='bbox 557 2296 688 2369; x_wconf 84' lang='lat' dir='ltr'><strong>intrepide</strong></span> <span class='ocrx_word' id='word_1_118' title='bbox 708 2297 808 2349; x_wconf 81' lang='lat' dir='ltr'><strong>violare</strong></span> <span class='ocrx_word' id='word_1_119' title='bbox 853 2295 939 2360; x_wconf 84' lang='lat' dir='ltr'><strong>mule;</strong></span> <span class='ocrx_word' id='word_1_120' title='bbox 953 2295 1008 2348; x_wconf 92' lang='lat' dir='ltr'><strong>lole</strong></span> <span class='ocrx_word' id='word_1_121' title='bbox 1027 2311 1114 2349; x_wconf 85' lang='lat' dir='ltr'><strong>eutem</strong></span> <span class='ocrx_word' id='word_1_122' title='bbox 1134 2311 1160 2349; x_wconf 89' lang='lat' dir='ltr'><strong>et</strong></span> <span class='ocrx_word' id='word_1_123' title='bbox 1180 2297 1285 2369; x_wconf 67' lang='lat' dir='ltr'><strong>Amycle</strong></span> <span class='ocrx_word' id='word_1_124' title='bbox 1305 2315 1355 2350; x_wconf 85' lang='lat' dir='ltr'><strong>en-</strong></span> 
     </span>
     <span class='ocr_line' id='line_1_20' title="bbox 307 2373 1354 2446; baseline -0.001 -16"><span class='ocrx_word' id='word_1_125' title='bbox 307 2378 382 2432; x_wconf 89' lang='lat' dir='ltr'><strong>deos.</strong></span> <span class='ocrx_word' id='word_1_126' title='bbox 853 2373 919 2427; x_wconf 84' lang='lat' dir='ltr'><strong>oilloe</strong></span> <span class='ocrx_word' id='word_1_127' title='bbox 936 2389 987 2446; x_wconf 66' lang='lat' dir='ltr'><strong>tuse</strong></span> <span class='ocrx_word' id='word_1_128' title='bbox 1005 2378 1115 2428; x_wconf 73' lang='lat' dir='ltr'><strong>amatori</strong></span> <span class='ocrx_word' id='word_1_129' title='bbox 1132 2379 1202 2428; x_wconf 72' lang='lat' dir='ltr'><strong>durni</strong></span> <span class='ocrx_word' id='word_1_130' title='bbox 1215 2375 1295 2429; x_wconf 88' lang='lat' dir='ltr'><strong>modo</strong></span> <span class='ocrx_word' id='word_1_131' title='bbox 1312 2379 1354 2429; x_wconf 90' lang='lat' dir='ltr'><strong>iu-</strong></span> 
     </span>
     <span class='ocr_line' id='line_1_21' title="bbox 343 2455 1353 2530; baseline -0.003 -18"><span class='ocrx_word' id='word_1_132' title='bbox 343 2477 385 2528; x_wconf 80' lang='lat'><strong>²9·</strong></span> <span class='ocrx_word' id='word_1_133' title='bbox 398 2460 435 2510; x_wconf 82' lang='lat' dir='ltr'><strong>Et</strong></span> <span class='ocrx_word' id='word_1_134' title='bbox 444 2458 568 2511; x_wconf 75' lang='lat' dir='ltr'><strong>simulare</strong></span> <span class='ocrx_word' id='word_1_135' title='bbox 583 2459 680 2524; x_wconf 79' lang='lat' dir='ltr'><strong>virum,</strong></span> <span class='ocrx_word' id='word_1_136' title='bbox 693 2459 806 2528; x_wconf 75' lang='lat' dir='ltr'><strong>pretium</strong></span> <span class='ocrx_word' id='word_1_137' title='bbox 852 2468 945 2524; x_wconf 75' lang='lat' dir='ltr'><strong>gerent</strong></span> <span class='ocrx_word' id='word_1_138' title='bbox 964 2455 1093 2524; x_wconf 86' lang='lat' dir='ltr'><strong>(tundent</strong></span> <span class='ocrx_word' id='word_1_139' title='bbox 1111 2457 1221 2508; x_wconf 76' lang='lat' dir='ltr'><strong>amatori</strong></span> <span class='ocrx_word' id='word_1_140' title='bbox 1242 2458 1353 2530; x_wconf 83' lang='lat' dir='ltr'><strong>sures),</strong></span> 
     </span>
     <span class='ocr_line' id='line_1_22' title="bbox 299 2532 1353 2608; baseline -0.005 -16"><span class='ocrx_word' id='word_1_141' title='bbox 299 2539 380 2608; x_wconf 78' lang='lat' dir='ltr'><strong>facit.</strong></span> <span class='ocrx_word' id='word_1_142' title='bbox 401 2536 511 2590; x_wconf 83' lang='lat' dir='ltr'><strong>Addunt</strong></span> <span class='ocrx_word' id='word_1_143' title='bbox 529 2540 704 2607; x_wconf 81' lang='lat' dir='ltr'><strong>interpretes,</strong></span> <span class='ocrx_word' id='word_1_144' title='bbox 724 2539 808 2588; x_wconf 83' lang='lat' dir='ltr'><strong>virum</strong></span> <span class='ocrx_word' id='word_1_145' title='bbox 851 2532 895 2586; x_wconf 82' lang='lat' dir='ltr'><strong>illa</strong></span> <span class='ocrx_word' id='word_1_146' title='bbox 908 2535 1010 2605; x_wconf 79' lang='lat' dir='ltr'><strong>Apriles</strong></span> <span class='ocrx_word' id='word_1_147' title='bbox 1021 2535 1097 2602; x_wconf 87' lang='lat' dir='ltr'><strong>ldus‚</strong></span> <span class='ocrx_word' id='word_1_148' title='bbox 1112 2535 1167 2589; x_wconf 80' lang='lat' dir='ltr'><strong>beo</strong></span> <span class='ocrx_word' id='word_1_149' title='bbox 1184 2535 1246 2589; x_wconf 86' lang='lat' dir='ltr'><strong>ldus</strong></span> <span class='ocrx_word' id='word_1_150' title='bbox 1260 2539 1353 2591; x_wconf 77' lang='lat' dir='ltr'><strong>Moiias</strong></span> 
     </span>
     <span class='ocr_line' id='line_1_23' title="bbox 306 2613 1354 2688; baseline 0 -18"><span class='ocrx_word' id='word_1_151' title='bbox 306 2629 443 2670; x_wconf 81' lang='lat' dir='ltr'><strong>venturum</strong></span> <span class='ocrx_word' id='word_1_152' title='bbox 454 2615 595 2668; x_wconf 77' lang='lat' dir='ltr'><strong>:Prodesse</strong></span> <span class='ocrx_word' id='word_1_153' title='bbox 604 2619 682 2668; x_wconf 81' lang='lat' dir='ltr'><strong>etiem</strong></span> <span class='ocrx_word' id='word_1_154' title='bbox 690 2617 807 2680; x_wconf 86' lang='lat' dir='ltr'><strong>feminis,</strong></span> <span class='ocrx_word' id='word_1_155' title='bbox 853 2632 910 2665; x_wconf 88' lang='lat' dir='ltr'><strong>esse</strong></span> <span class='ocrx_word' id='word_1_156' title='bbox 920 2613 1032 2666; x_wconf 75' lang='lat' dir='ltr'><strong>natalem</strong></span> <span class='ocrx_word' id='word_1_157' title='bbox 1042 2629 1127 2667; x_wconf 88' lang='lat' dir='ltr'><strong>tuum.</strong></span> <span class='ocrx_word' id='word_1_158' title='bbox 1138 2641 1149 2664; x_wconf 85' lang='grc' dir='ltr'>ι</span> <span class='ocrx_word' id='word_1_159' title='bbox 1162 2616 1250 2669; x_wconf 76' lang='grc' dir='ltr'>ΝιιιΙΙ</span> <span class='ocrx_word' id='word_1_160' title='bbox 1259 2615 1354 2688; x_wconf 80' lang='lat' dir='ltr'><strong>puellos</strong></span> 
     </span>
     <span class='ocr_line' id='line_1_24' title="bbox 305 2692 1353 2767; baseline 0.001 -19"><span class='ocrx_word' id='word_1_161' title='bbox 305 2699 342 2762; x_wconf 85' lang='lat' dir='ltr'><strong>si,</strong></span> <span class='ocrx_word' id='word_1_162' title='bbox 361 2713 442 2767; x_wconf 81' lang='lat' dir='ltr'><strong>quum</strong></span> <span class='ocrx_word' id='word_1_163' title='bbox 455 2707 530 2766; x_wconf 68' lang='lat' dir='ltr'><strong>roget</strong></span> <span class='ocrx_word' id='word_1_164' title='bbox 547 2713 591 2746; x_wconf 82' lang='lat' dir='ltr'><strong>ees</strong></span> <span class='ocrx_word' id='word_1_165' title='bbox 605 2709 719 2760; x_wconf 81' lang='lat' dir='ltr'><strong>ornator,</strong></span> <span class='ocrx_word' id='word_1_166' title='bbox 735 2693 809 2746; x_wconf 89' lang='lat' dir='ltr'><strong>redi·</strong></span> <span class='ocrx_word' id='word_1_167' title='bbox 852 2692 896 2744; x_wconf 89' lang='lat' dir='ltr'><strong>die</strong></span> <span class='ocrx_word' id='word_1_168' title='bbox 904 2693 1135 2746; x_wconf 83' lang='lat' dir='ltr'><strong>mittebetemotor</strong></span> <span class='ocrx_word' id='word_1_169' title='bbox 1142 2713 1263 2749; x_wconf 84' lang='lat' dir='ltr'><strong>munere.</strong></span> <span class='ocrx_word' id='word_1_170' title='bbox 1274 2695 1353 2749; x_wconf 81' lang='lat' dir='ltr'><strong>Gonf.</strong></span> 
     </span>
     <span class='ocr_line' id='line_1_25' title="bbox 303 2770 1354 2846; baseline -0.003 -21"><span class='ocrx_word' id='word_1_171' title='bbox 303 2787 360 2826; x_wconf 89' lang='lat' dir='ltr'><strong>turn</strong></span> <span class='ocrx_word' id='word_1_172' title='bbox 375 2775 461 2824; x_wconf 81' lang='lat' dir='ltr'><strong>meriti</strong></span> <span class='ocrx_word' id='word_1_173' title='bbox 471 2772 596 2826; x_wconf 75' lang='lat' dir='ltr'><strong>simulent</strong></span> <span class='ocrx_word' id='word_1_174' title='bbox 607 2772 696 2842; x_wconf 83' lang='lat' dir='ltr'><strong>(conf.</strong></span> <span class='ocrx_word' id='word_1_175' title='bbox 709 2773 748 2838; x_wconf 85' lang='grc' dir='ltr'><strong>ΙΙ,</strong></span> <span class='ocrx_word' id='word_1_176' title='bbox 760 2775 808 2840; x_wconf 79' lang='lat'><strong>23,</strong></span> <span class='ocrx_word' id='word_1_177' title='bbox 853 2770 931 2824; x_wconf 78' lang='lat' dir='ltr'><strong>Ovid.</strong></span> <span class='ocrx_word' id='word_1_178' title='bbox 942 2773 998 2824; x_wconf 76' lang='lat' dir='ltr'><strong>Art.</strong></span> <span class='ocrx_word' id='word_1_179' title='bbox 1017 2775 1100 2826; x_wconf 80' lang='lat' dir='ltr'><strong>Amet.</strong></span> <span class='ocrx_word' id='word_1_180' title='bbox 1115 2776 1140 2838; x_wconf 90' lang='grc' dir='ltr'><strong>Ι,</strong></span> <span class='ocrx_word' id='word_1_181' title='bbox 1153 2775 1205 2846; x_wconf 65' lang='lat'><strong>429</strong></span> <span class='ocrx_word' id='word_1_182' title='bbox 1218 2796 1224 2825; x_wconf 70' lang='grc' dir='ltr'>ι</span> <span class='ocrx_word' id='word_1_183' title='bbox 1240 2798 1252 2822; x_wconf 80' lang='grc' dir='ltr'>ι</span> <span class='ocrx_word' id='word_1_184' title='bbox 1264 2775 1354 2843; x_wconf 79' lang='lat' dir='ltr'><strong>Quid?</strong></span> 
     </span>
     <span class='ocr_line' id='line_1_26' title="bbox 307 2851 1354 2925; baseline 0.006 -24"><span class='ocrx_word' id='word_1_185' title='bbox 307 2851 441 2920; x_wconf 81' lang='lat'><em>19-20).</em></span> <span class='ocrx_word' id='word_1_186' title='bbox 456 2853 512 2902; x_wconf 87' lang='lat' dir='ltr'><strong>Neo</strong></span> <span class='ocrx_word' id='word_1_187' title='bbox 522 2869 630 2921; x_wconf 88' lang='lat' dir='ltr'><strong>prorsus</strong></span> <span class='ocrx_word' id='word_1_188' title='bbox 641 2853 731 2920; x_wconf 70' lang='lat' dir='ltr'><strong>reiioio</strong></span> <span class='ocrx_word' id='word_1_189' title='bbox 748 2854 809 2923; x_wconf 88' lang='lat' dir='ltr'><strong>qui·</strong></span> <span class='ocrx_word' id='word_1_190' title='bbox 854 2853 928 2921; x_wconf 82' lang='lat' dir='ltr'><strong>quasi</strong></span> <span class='ocrx_word' id='word_1_191' title='bbox 944 2853 1024 2903; x_wconf 78' lang='lat' dir='ltr'><strong>natali</strong></span> <span class='ocrx_word' id='word_1_192' title='bbox 1044 2871 1125 2923; x_wconf 83' lang='lat' dir='ltr'><strong>quum</strong></span> <span class='ocrx_word' id='word_1_193' title='bbox 1143 2856 1229 2925; x_wconf 80' lang='lat' dir='ltr'><strong>possit</strong></span> <span class='ocrx_word' id='word_1_194' title='bbox 1245 2873 1354 2908; x_wconf 81' lang='lat' dir='ltr'><strong>munere</strong></span> 
     </span>
     <span class='ocr_line' id='line_1_27' title="bbox 305 2927 1354 3004; baseline 0.006 -24"><span class='ocrx_word' id='word_1_195' title='bbox 305 2928 381 2995; x_wconf 86' lang='lat' dir='ltr'><strong>dom,</strong></span> <span class='ocrx_word' id='word_1_196' title='bbox 401 2942 431 2981; x_wconf 90' lang='lat' dir='ltr'><strong>ut</strong></span> <span class='ocrx_word' id='word_1_197' title='bbox 447 2931 473 2982; x_wconf 91' lang='lat' dir='ltr'><strong>in</strong></span> <span class='ocrx_word' id='word_1_198' title='bbox 491 2929 650 2982; x_wconf 79' lang='lat' dir='ltr'><strong>terminibus</strong></span> <span class='ocrx_word' id='word_1_199' title='bbox 668 2929 709 2982; x_wconf 79' lang='lat' dir='ltr'><strong>his</strong></span> <span class='ocrx_word' id='word_1_200' title='bbox 727 2932 809 2984; x_wconf 81' lang='lat' dir='ltr'><strong>multe</strong></span> <span class='ocrx_word' id='word_1_201' title='bbox 852 2927 924 2997; x_wconf 86' lang='lat' dir='ltr'><strong>libo,</strong></span> <span class='ocrx_word' id='word_1_202' title='bbox 935 2931 967 2982; x_wconf 84' lang='lat' dir='ltr'><strong>Et</strong></span> <span class='ocrx_word' id='word_1_203' title='bbox 977 2934 1080 3004; x_wconf 85' lang='lat' dir='ltr'><strong>quoties</strong></span> <span class='ocrx_word' id='word_1_204' title='bbox 1090 2951 1158 3004; x_wconf 85' lang='lat' dir='ltr'><strong>opus</strong></span> <span class='ocrx_word' id='word_1_205' title='bbox 1172 2948 1227 3000; x_wconf 87' lang='lat' dir='ltr'><strong>est,</strong></span> <span class='ocrx_word' id='word_1_206' title='bbox 1238 2937 1354 2986; x_wconf 84' lang='lat' dir='ltr'><strong>noseitur</strong></span> 
     </span>
     <span class='ocr_line' id='line_1_28' title="bbox 305 3009 1353 3087; baseline 0.003 -23"><span class='ocrx_word' id='word_1_207' title='bbox 305 3030 362 3064; x_wconf 85' lang='lat' dir='ltr'><strong>esse</strong></span> <span class='ocrx_word' id='word_1_208' title='bbox 374 3009 512 3063; x_wconf 78' lang='lat' dir='ltr'><strong>toleranda</strong></span> <span class='ocrx_word' id='word_1_209' title='bbox 524 3012 589 3062; x_wconf 82' lang='lat' dir='ltr'><strong>scio.</strong></span> <span class='ocrx_word' id='word_1_210' title='bbox 606 3011 706 3063; x_wconf 81' lang='lat' dir='ltr'><strong>&#39;lamen</strong></span> <span class='ocrx_word' id='word_1_211' title='bbox 724 3011 808 3064; x_wconf 79' lang='lat' dir='ltr'><strong>Laeb—</strong></span> <span class='ocrx_word' id='word_1_212' title='bbox 853 3012 928 3082; x_wconf 84' lang='lat' dir='ltr'><strong>ipsa,</strong></span> <span class='ocrx_word' id='word_1_213' title='bbox 942 3011 1000 3065; x_wconf 88' lang='lat' dir='ltr'><strong>sibi.</strong></span> <span class='ocrx_word' id='word_1_214' title='bbox 1011 3035 1023 3060; x_wconf 78' lang='grc' dir='ltr'>ι</span> <span class='ocrx_word' id='word_1_215' title='bbox 1036 3013 1174 3080; x_wconf 76' lang='lat' dir='ltr'><strong>Martialis,</strong></span> <span class='ocrx_word' id='word_1_216' title='bbox 1188 3018 1269 3087; x_wconf 73' lang='lat' dir='ltr'><strong>epigr.</strong></span> <span class='ocrx_word' id='word_1_217' title='bbox 1281 3018 1353 3083; x_wconf 81' lang='lat' dir='ltr'><strong>vm,</strong></span> 
     </span>
     <span class='ocr_line' id='line_1_29' title="bbox 305 3088 1354 3165; baseline 0.002 -21"><span class='ocrx_word' id='word_1_218' title='bbox 305 3093 396 3144; x_wconf 81' lang='lat' dir='ltr'><strong>menni</strong></span> <span class='ocrx_word' id='word_1_219' title='bbox 410 3102 464 3142; x_wconf 82' lang='lat' dir='ltr'><strong>stat</strong></span> <span class='ocrx_word' id='word_1_220' title='bbox 478 3089 641 3154; x_wconf 73' lang='lat' dir='ltr'><strong>observatio,</strong></span> <span class='ocrx_word' id='word_1_221' title='bbox 661 3090 694 3142; x_wconf 93' lang='lat' dir='ltr'><strong>de</strong></span> <span class='ocrx_word' id='word_1_222' title='bbox 707 3089 809 3160; x_wconf 74' lang='lat' dir='ltr'><strong>vulgari</strong></span> <span class='ocrx_word' id='word_1_223' title='bbox 852 3088 908 3157; x_wconf 74' lang='lat'><strong>64:</strong></span> <span class='ocrx_word' id='word_1_224' title='bbox 929 3092 989 3142; x_wconf 78' lang='lat' dir='ltr'><strong>sUt</strong></span> <span class='ocrx_word' id='word_1_225' title='bbox 1011 3109 1118 3162; x_wconf 86' lang='lat' dir='ltr'><strong>posces,</strong></span> <span class='ocrx_word' id='word_1_226' title='bbox 1144 3091 1234 3165; x_wconf 72' lang='lat' dir='ltr'><strong>Clyte,</strong></span> <span class='ocrx_word' id='word_1_227' title='bbox 1257 3113 1354 3146; x_wconf 83' lang='lat' dir='ltr'><strong>munus</strong></span> 
     </span>
     <span class='ocr_line' id='line_1_30' title="bbox 304 3165 1353 3242; baseline 0.008 -22"><span class='ocrx_word' id='word_1_228' title='bbox 304 3168 401 3238; x_wconf 71' lang='lat' dir='ltr'><strong>lingue</strong></span> <span class='ocrx_word' id='word_1_229' title='bbox 413 3183 463 3218; x_wconf 88' lang='lat' dir='ltr'><strong>usu</strong></span> <span class='ocrx_word' id='word_1_230' title='bbox 476 3165 547 3218; x_wconf 82' lang='lat' dir='ltr'><strong>eliud</strong></span> <span class='ocrx_word' id='word_1_231' title='bbox 561 3185 617 3219; x_wconf 83' lang='lat' dir='ltr'><strong>esse</strong></span> <span class='ocrx_word' id='word_1_232' title='bbox 632 3168 755 3221; x_wconf 83' lang='lat' dir='ltr'><strong>simulare</strong></span> <span class='ocrx_word' id='word_1_233' title='bbox 772 3169 808 3220; x_wconf 88' lang='lat' dir='ltr'><strong>vi·</strong></span> <span class='ocrx_word' id='word_1_234' title='bbox 852 3171 1004 3242; x_wconf 65' lang='lat' dir='ltr'><strong>stipesque,</strong></span> <span class='ocrx_word' id='word_1_235' title='bbox 1017 3173 1076 3223; x_wconf 89' lang='lat' dir='ltr'><strong>Uno</strong></span> <span class='ocrx_word' id='word_1_236' title='bbox 1093 3173 1208 3225; x_wconf 73' lang='lat' dir='ltr'><strong>nasceris</strong></span> <span class='ocrx_word' id='word_1_237' title='bbox 1227 3176 1308 3226; x_wconf 85' lang='lat' dir='ltr'><strong>octies</strong></span> <span class='ocrx_word' id='word_1_238' title='bbox 1325 3177 1353 3228; x_wconf 90' lang='lat' dir='ltr'><strong>in</strong></span> 
     </span>
     <span class='ocr_line' id='line_1_31' title="bbox 305 3243 1354 3325; baseline 0.006 -25"><span class='ocrx_word' id='word_1_239' title='bbox 305 3265 371 3300; x_wconf 82' lang='lat' dir='ltr'><strong>rum.</strong></span> <span class='ocrx_word' id='word_1_240' title='bbox 394 3243 521 3309; x_wconf 78' lang='lat' dir='ltr'><strong>Ovidius,</strong></span> <span class='ocrx_word' id='word_1_241' title='bbox 547 3247 653 3298; x_wconf 84' lang='lat' dir='ltr'><strong>Metam.</strong></span> <span class='ocrx_word' id='word_1_242' title='bbox 680 3249 734 3314; x_wconf 86' lang='lat' dir='ltr'><strong>Vl,</strong></span> <span class='ocrx_word' id='word_1_243' title='bbox 757 3248 806 3300; x_wconf 77' lang='lat'><strong>26=</strong></span> <span class='ocrx_word' id='word_1_244' title='bbox 854 3249 1354 3325; x_wconf 77' lang='lat' dir='ltr'><strong>enno,Etsoles‚puto‚tresveqne·</strong></span> 
     </span>
     <span class='ocr_line' id='line_1_32' title="bbox 306 3325 1354 3398; baseline 0.009 -23"><span class='ocrx_word' id='word_1_245' title='bbox 306 3351 318 3375; x_wconf 82' lang='grc' dir='ltr'>ι</span> <span class='ocrx_word' id='word_1_246' title='bbox 326 3325 411 3378; x_wconf 80' lang='lat' dir='ltr'><strong>Pelles</strong></span> <span class='ocrx_word' id='word_1_247' title='bbox 419 3325 627 3391; x_wconf 82' lang='lat' dir='ltr'><strong>anumsimulat,</strong></span> <span class='ocrx_word' id='word_1_248' title='bbox 638 3325 771 3398; x_wconf 80' lang='lat' dir='ltr'><strong>falsosque</strong></span> <span class='ocrx_word' id='word_1_249' title='bbox 781 3329 808 3379; x_wconf 90' lang='lat' dir='ltr'><strong>in</strong></span> <span class='ocrx_word' id='word_1_250' title='bbox 851 3339 945 3379; x_wconf 75' lang='lat' dir='ltr'><strong>tuosve</strong></span> <span class='ocrx_word' id='word_1_251' title='bbox 956 3329 1016 3379; x_wconf 85' lang='lat' dir='ltr'><strong>Non</strong></span> <span class='ocrx_word' id='word_1_252' title='bbox 1028 3328 1158 3382; x_wconf 75' lang='lat' dir='ltr'><strong>natalitios</strong></span> <span class='ocrx_word' id='word_1_253' title='bbox 1168 3329 1247 3382; x_wconf 82' lang='lat' dir='ltr'><strong>bobes</strong></span> <span class='ocrx_word' id='word_1_254' title='bbox 1258 3333 1354 3385; x_wconf 82' lang='lat' dir='ltr'><strong>Kelen-</strong></span> 
     </span>
     <span class='ocr_line' id='line_1_33' title="bbox 304 3403 1354 3480; baseline 0.006 -22"><span class='ocrx_word' id='word_1_255' title='bbox 304 3419 424 3476; x_wconf 84' lang='lat' dir='ltr'><strong>tempora</strong></span> <span class='ocrx_word' id='word_1_256' title='bbox 438 3421 520 3458; x_wconf 82' lang='lat' dir='ltr'><strong>cenos</strong></span> <span class='ocrx_word' id='word_1_257' title='bbox 536 3403 633 3470; x_wconf 78' lang='lat' dir='ltr'><strong>Addit,</strong></span> <span class='ocrx_word' id='word_1_258' title='bbox 648 3419 674 3456; x_wconf 88' lang='lat' dir='ltr'><strong>ot</strong></span> <span class='ocrx_word' id='word_1_259' title='bbox 688 3406 807 3457; x_wconf 82' lang='lat' dir='ltr'><strong>infirmos</strong></span> <span class='ocrx_word' id='word_1_260' title='bbox 852 3405 908 3459; x_wconf 83' lang='lat' dir='ltr'><strong>des.</strong></span> <span class='ocrx_word' id='word_1_261' title='bbox 922 3429 933 3454; x_wconf 82' lang='grc' dir='ltr'>ι</span> <span class='ocrx_word' id='word_1_262' title='bbox 945 3407 1092 3480; x_wconf 80' lang='lat' dir='ltr'><strong>-Aprr&#39;les</strong></span> <span class='ocrx_word' id='word_1_263' title='bbox 1104 3429 1154 3462; x_wconf 86' lang='lat' dir='ltr'><strong>esse</strong></span> <span class='ocrx_word' id='word_1_264' title='bbox 1164 3411 1211 3462; x_wconf 83' lang='lat' dir='ltr'><strong>tibi</strong></span> <span class='ocrx_word' id='word_1_265' title='bbox 1220 3411 1354 3474; x_wconf 73' lang='lat' dir='ltr'><strong>natalem,-</strong></span> 
     </span>
     <span class='ocr_line' id='line_1_34' title="bbox 303 3479 1259 3559; baseline 0.002 -19"><span class='ocrx_word' id='word_1_266' title='bbox 303 3479 401 3540; x_wconf 84' lang='lat' dir='ltr'><strong>beoulo</strong></span> <span class='ocrx_word' id='word_1_267' title='bbox 412 3503 519 3559; x_wconf 86' lang='lat' dir='ltr'><strong>quoqne</strong></span> <span class='ocrx_word' id='word_1_268' title='bbox 529 3488 641 3538; x_wconf 85' lang='lat' dir='ltr'><strong>sustinet</strong></span> <span class='ocrx_word' id='word_1_269' title='bbox 651 3500 731 3537; x_wconf 83' lang='lat' dir='ltr'><strong>artus.</strong></span> <span class='ocrx_word' id='word_1_270' title='bbox 743 3509 754 3532; x_wconf 84' lang='grc' dir='ltr'>ι</span> <span class='ocrx_word' id='word_1_271' title='bbox 766 3487 807 3538; x_wconf 79' lang='lat' dir='ltr'><strong>An</strong></span> <span class='ocrx_word' id='word_1_272' title='bbox 852 3485 913 3538; x_wconf 88' lang='lat' dir='ltr'><strong>ldus</strong></span> <span class='ocrx_word' id='word_1_273' title='bbox 924 3485 1034 3558; x_wconf 77' lang='lat' dir='ltr'><strong>Apriles.</strong></span> <span class='ocrx_word' id='word_1_274' title='bbox 1048 3486 1115 3540; x_wconf 89' lang='lat' dir='ltr'><strong>Vide</strong></span> <span class='ocrx_word' id='word_1_275' title='bbox 1126 3491 1175 3554; x_wconf 87' lang='grc' dir='ltr'>ΙΙΙ,</span> <span class='ocrx_word' id='word_1_276' title='bbox 1191 3490 1221 3555; x_wconf 82' lang='lat'><strong>8,</strong></span> <span class='ocrx_word' id='word_1_277' title='bbox 1236 3509 1259 3542; x_wconf 88' lang='lat' dir='ltr'><strong>r.</strong></span> 
     </span>
     <span class='ocr_line' id='line_1_35' title="bbox 304 3563 1354 3642; baseline 0.003 -23"><span class='ocrx_word' id='word_1_278' title='bbox 304 3571 383 3640; x_wconf 74' lang='lat' dir='ltr'><strong>igitur</strong></span> <span class='ocrx_word' id='word_1_279' title='bbox 392 3567 536 3618; x_wconf 78' lang='lat' dir='ltr'><strong>scribemus</strong></span> <span class='ocrx_word' id='word_1_280' title='bbox 546 3585 605 3618; x_wconf 87' lang='lat' dir='ltr'><strong>cum</strong></span> <span class='ocrx_word' id='word_1_281' title='bbox 618 3565 724 3616; x_wconf 86' lang='lat' dir='ltr'><strong>lieinsio</strong></span> <span class='ocrx_word' id='word_1_282' title='bbox 734 3587 745 3626; x_wconf 86' lang='lat'><strong>:¹</strong></span> <span class='ocrx_word' id='word_1_283' title='bbox 755 3587 766 3612; x_wconf 75' lang='grc' dir='ltr'>ι</span> <span class='ocrx_word' id='word_1_284' title='bbox 775 3567 809 3616; x_wconf 89' lang='lat' dir='ltr'><strong>Et</strong></span> <span class='ocrx_word' id='word_1_285' title='bbox 888 3563 930 3636; x_wconf 85' lang='lat'><strong>37.</strong></span> <span class='ocrx_word' id='word_1_286' title='bbox 944 3565 1070 3618; x_wconf 77' lang='lat' dir='ltr'><strong>Catlredra</strong></span> <span class='ocrx_word' id='word_1_287' title='bbox 1078 3589 1088 3628; x_wconf 86' lang='lat'><strong>,·</strong></span> <span class='ocrx_word' id='word_1_288' title='bbox 1100 3565 1163 3620; x_wconf 78' lang='lat' dir='ltr'><strong>selle</strong></span> <span class='ocrx_word' id='word_1_289' title='bbox 1174 3568 1277 3621; x_wconf 84' lang='lat' dir='ltr'><strong>feminis</strong></span> <span class='ocrx_word' id='word_1_290' title='bbox 1288 3587 1354 3642; x_wconf 86' lang='lat' dir='ltr'><strong>pro·</strong></span> 
     </span>
     <span class='ocr_line' id='line_1_36' title="bbox 303 3645 1352 3721; baseline 0.005 -23"><span class='ocrx_word' id='word_1_291' title='bbox 303 3647 427 3700; x_wconf 79' lang='lat' dir='ltr'><strong>simulare</strong></span> <span class='ocrx_word' id='word_1_292' title='bbox 437 3647 502 3696; x_wconf 86' lang='lat' dir='ltr'><strong>iram</strong></span> <span class='ocrx_word' id='word_1_293' title='bbox 512 3681 521 3712; x_wconf 84' lang='lat'>,</span> <span class='ocrx_word' id='word_1_294' title='bbox 533 3647 646 3715; x_wconf 87' lang='lat' dir='ltr'><strong>pretium</strong></span> <span class='ocrx_word' id='word_1_295' title='bbox 656 3645 760 3696; x_wconf 70' lang='lat' dir='ltr'><strong>faciit·</strong></span> <span class='ocrx_word' id='word_1_296' title='bbox 774 3675 808 3684; x_wconf 88' lang='lat'>-</span> <span class='ocrx_word' id='word_1_297' title='bbox 851 3645 927 3715; x_wconf 82' lang='lat' dir='ltr'><strong>pris,</strong></span> <span class='ocrx_word' id='word_1_298' title='bbox 951 3647 1027 3716; x_wconf 86' lang='lat' dir='ltr'><strong>cujus</strong></span> <span class='ocrx_word' id='word_1_299' title='bbox 1051 3659 1139 3698; x_wconf 83' lang='lat' dir='ltr'><strong>essent</strong></span> <span class='ocrx_word' id='word_1_300' title='bbox 1165 3645 1276 3700; x_wconf 76' lang='lat' dir='ltr'><strong>brechia</strong></span> <span class='ocrx_word' id='word_1_301' title='bbox 1300 3667 1352 3721; x_wconf 79' lang='lat' dir='ltr'><strong>pro</strong></span> 
     </span>
     <span class='ocr_line' id='line_1_37' title="bbox 307 3721 1351 3799; baseline 0.004 -20"><span class='ocrx_word' id='word_1_302' title='bbox 307 3727 383 3779; x_wconf 85' lang='lat' dir='ltr'><strong>Utere</strong></span> <span class='ocrx_word' id='word_1_303' title='bbox 396 3726 493 3786; x_wconf 58' lang='lat' dir='ltr'><strong>cousin</strong></span> <span class='ocrx_word' id='word_1_304' title='bbox 509 3725 576 3776; x_wconf 86' lang='lat' dir='ltr'><strong>lictis</strong></span> <span class='ocrx_word' id='word_1_305' title='bbox 589 3723 748 3790; x_wconf 82' lang='lat' dir='ltr'><strong>rationibus,</strong></span> <span class='ocrx_word' id='word_1_306' title='bbox 760 3743 808 3777; x_wconf 88' lang='lat' dir='ltr'><strong>our</strong></span> <span class='ocrx_word' id='word_1_307' title='bbox 851 3723 956 3796; x_wconf 86' lang='lat' dir='ltr'><strong>pulpito</strong></span> <span class='ocrx_word' id='word_1_308' title='bbox 968 3721 1151 3778; x_wconf 84' lang='lat' dir='ltr'><strong>scribentibus.</strong></span> <span class='ocrx_word' id='word_1_309' title='bbox 1161 3725 1227 3780; x_wconf 88' lang='lat' dir='ltr'><strong>Vide</strong></span> <span class='ocrx_word' id='word_1_310' title='bbox 1240 3727 1351 3799; x_wconf 77' lang='lat' dir='ltr'><strong>Rupes-t.</strong></span> 
     </span>
     <span class='ocr_line' id='line_1_38' title="bbox 302 3797 1353 3870; baseline 0.003 -16"><span class='ocrx_word' id='word_1_311' title='bbox 302 3803 412 3855; x_wconf 77' lang='lat' dir='ltr'><strong>differas</strong></span> <span class='ocrx_word' id='word_1_312' title='bbox 426 3812 568 3852; x_wconf 80' lang='lat' dir='ltr'><strong>eruentem.</strong></span> <span class='ocrx_word' id='word_1_313' title='bbox 851 3799 886 3854; x_wconf 76' lang='lat' dir='ltr'><strong>e‘d</strong></span> <span class='ocrx_word' id='word_1_314' title='bbox 897 3797 1019 3854; x_wconf 71' lang='lat' dir='ltr'><strong>steenel.</strong></span> <span class='ocrx_word' id='word_1_315' title='bbox 1039 3813 1087 3853; x_wconf 85' lang='lat' dir='ltr'><strong>set.</strong></span> <span class='ocrx_word' id='word_1_316' title='bbox 1106 3805 1132 3870; x_wconf 86' lang='lat' dir='ltr'><strong>l,</strong></span> <span class='ocrx_word' id='word_1_317' title='bbox 1154 3804 1196 3858; x_wconf 85' lang='lat'><strong>65.</strong></span> <span class='ocrx_word' id='word_1_318' title='bbox 1215 3833 1252 3846; x_wconf 91' lang='lat'><strong>·-</strong></span> <span class='ocrx_word' id='word_1_319' title='bbox 1266 3807 1353 3861; x_wconf 73' lang='lat' dir='ltr'><strong>Scribe</strong></span> 
     </span>
     <span class='ocr_line' id='line_1_39' title="bbox 339 3877 1353 3954; baseline 0.008 -22"><span class='ocrx_word' id='word_1_320' title='bbox 339 3880 381 3932; x_wconf 81' lang='lat'><strong>31.</strong></span> <span class='ocrx_word' id='word_1_321' title='bbox 406 3877 483 3930; x_wconf 81' lang='lat' dir='ltr'><strong>Utilis</strong></span> <span class='ocrx_word' id='word_1_322' title='bbox 507 3879 565 3942; x_wconf 81' lang='lat' dir='ltr'><strong>ira,</strong></span> <span class='ocrx_word' id='word_1_323' title='bbox 590 3877 728 3950; x_wconf 77' lang='lat' dir='ltr'><strong>profutura</strong></span> <span class='ocrx_word' id='word_1_324' title='bbox 759 3878 807 3932; x_wconf 92' lang='lat' dir='ltr'><strong>tibi</strong></span> <span class='ocrx_word' id='word_1_325' title='bbox 850 3877 989 3954; x_wconf 81' lang='lat' dir='ltr'><strong>quidlibet,</strong></span> <span class='ocrx_word' id='word_1_326' title='bbox 1003 3881 1076 3950; x_wconf 86' lang='lat' dir='ltr'><strong>quod</strong></span> <span class='ocrx_word' id='word_1_327' title='bbox 1090 3881 1353 3950; x_wconf 66' lang='lat' dir='ltr'><strong>illediffideetmri-</strong></span> 
     </span>
     <span class='ocr_line' id='line_1_40' title="bbox 304 3957 1350 4034; baseline 0.007 -23"><span class='ocrx_word' id='word_1_328' title='bbox 304 3961 522 4011; x_wconf 65' lang='lat' dir='ltr'><strong>ementitus-</strong></span> <span class='ocrx_word' id='word_1_329' title='bbox 535 3957 651 4008; x_wconf 81' lang='lat' dir='ltr'><strong>Mereota</strong></span> <span class='ocrx_word' id='word_1_330' title='bbox 667 3975 738 4028; x_wconf 79' lang='lat' dir='ltr'><strong>pax,</strong></span> <span class='ocrx_word' id='word_1_331' title='bbox 753 3975 805 4029; x_wconf 77' lang='lat' dir='ltr'><strong>pez</strong></span> <span class='ocrx_word' id='word_1_332' title='bbox 850 3959 912 4012; x_wconf 88' lang='lat' dir='ltr'><strong>bere</strong></span> <span class='ocrx_word' id='word_1_333' title='bbox 926 3972 954 4011; x_wconf 86' lang='lat' dir='ltr'><strong>te</strong></span> <span class='ocrx_word' id='word_1_334' title='bbox 966 3957 1035 4030; x_wconf 69' lang='lat' dir='ltr'><strong>finge</strong></span> <span class='ocrx_word' id='word_1_335' title='bbox 1049 3959 1083 4014; x_wconf 76' lang='lat' dir='ltr'><strong>ed</strong></span> <span class='ocrx_word' id='word_1_336' title='bbox 1096 3961 1184 4015; x_wconf 82' lang='lat' dir='ltr'><strong>elium.</strong></span> <span class='ocrx_word' id='word_1_337' title='bbox 1199 3991 1236 4004; x_wconf 90' lang='lat'><strong>·-</strong></span> <span class='ocrx_word' id='word_1_338' title='bbox 1251 3965 1350 4034; x_wconf 79' lang='lat' dir='ltr'><strong>Terret,</strong></span> 
     </span>
     <span class='ocr_line' id='line_1_41' title="bbox 304 4036 1038 4108; baseline 0 -18"><span class='ocrx_word' id='word_1_339' title='bbox 304 4049 373 4090; x_wconf 79' lang='lat' dir='ltr'><strong>erute</strong></span> <span class='ocrx_word' id='word_1_340' title='bbox 382 4036 476 4108; x_wconf 86' lang='lat' dir='ltr'><strong>pretio.</strong></span> <span class='ocrx_word' id='word_1_341' title='bbox 846 4041 903 4108; x_wconf 79' lang='lat' dir='ltr'><strong>jem</strong></span> <span class='ocrx_word' id='word_1_342' title='bbox 917 4051 977 4090; x_wconf 81' lang='lat' dir='ltr'><strong>tous</strong></span> <span class='ocrx_word' id='word_1_343' title='bbox 990 4051 1038 4090; x_wconf 84' lang='lat' dir='ltr'><strong>est.</strong></span> 
     </span>
    </p>
   </div>
   <div class='ocr_carea' id='block_1_5' title="bbox 0 0 1572 4758">
    <p class='ocr_par' dir='ltr' id='par_1_5' title="bbox 0 0 1572 4758">
     <span class='ocr_line' id='line_1_42' title="bbox 0 0 1572 4758; baseline 0 1"><span class='ocrx_word' id='word_1_344' title='bbox 0 0 1572 4758; x_wconf 95' lang='lat' dir='ltr'><strong> </strong></span> 
     </span>
    </p>
   </div>
  </div>
 </body>
</html>
