3116 4756
236 361 240 369 «
296 325 362 392 228
588 321 853 390 PROPERTll
877 324 966 390 LIB.
994 328 1041 391 11.

340 447 402 518 Vel
413 464 451 515 tu
461 444 634 541 Sisyphios
646 446 725 516 licet
735 446 902 532 admirere
913 449 1063 534 labores,

384 556 527 628 Difficile
538 576 576 626 ut
587 573 658 626 toto
670 576 785 628 monte
795 559 925 629 volutet
934 587 1020 631 onus
1033 589 1041 630 ι

337 674 462 740 Durius
473 671 508 737 in
520 671 617 737 terris
631 669 715 739 nihil
727 687 794 755 est,
809 671 901 766 quod
912 675 1016 760 vivat,
1030 692 1179 759 amante,

383 788 469 865 Nec,
481 781 582 850 modo
594 786 621 850 si
635 785 763 876 sapias,
777 781 991 877 quodminus
1004 787 1184 856 essevelia.
1307 820 1338 859 ιο

335 898 445 981 Quem
456 892 557 960 modo
570 892 700 962 felicem
716 893 840 962 invidia
852 895 1039 965 admirante
1052 897 1220 984 ferebant,
1367 887 1370 892 ⁵

382 1010 480 1072 Nunc
494 1002 623 1072 decimo
635 1001 794 1072 admittor
806 1008 861 1074 vix
874 1031 935 1100 ego
945 1031 1081 1102 quoque
1092 1006 1157 1076 die.

335 1116 453 1183 'Nunc
461 1110 573 1205 jacere
585 1137 604 1181 e
616 1111 702 1181 duro
714 1137 837 1207 corpus
847 1113 959 1208 juvat,
973 1119 1091 1210 impia,
1105 1140 1203 1202 saxo,

285 1338 363 1373 versu
388 1336 423 1390 7,
442 1317 631 1389 obstupescere
651 1321 788 1372 miserans.
833 1319 966 1372 cavebo.»
988 1324 1086 1390 Recte,
1107 1322 1254 1391 aQuarnvie
1271 1323 1334 1378 nihil

286 1399 423 1472 Sisyphus,
435 1417 480 1451 rex
491 1397 552 1448 olim
563 1397 790 1464 Corinthi‚latro·
833 1419 906 1453 nunc
925 1400 1088 1454 concedatur
1108 1404 1191 1470 inihi,
1216 1406 1280 1476 quin
1302 1425 1335 1458 ne

286 1479 361 1531 ciniis
384 1490 411 1529 et
429 1478 525 1530 astutia
544 1478 669 1528 famosus.
691 1477 788 1530 Sexum
834 1491 895 1527 ante
902 1478 974 1530 force
985 1478 1090 1550 quidem
1099 1493 1217 1550 peratore
1226 1481 1333 1534 liceat.-

285 1557 468 1621 meminimus,
482 1553 555 1624 quod
567 1566 693 1606 eternum
707 1556 789 1608 volvit
831 1557 867 1606 Ar
881 1554 946 1626 quid
966 1553 1017 1608 hoc
1038 1555 1166 1624 alterum,
1187 1560 1335 1627 «Quamviu

285 1634 426 1689 damnatus
442 1647 504 1706 port
515 1637 635 1686 multem.
644 1633 722 1686 Coni.
737 1637 789 1686 Ho-
824 1635 903 1704 juvet
913 1651 941 1685 ee
953 1633 986 1685 de
996 1653 1059 1687 taxo
1074 1653 1130 1687 aeae
1144 1635 1274 1708 dejicere,
1289 1653 1336 1692 aut

285 1733 350 1767 mer.
359 1713 455 1786 Odyto.
465 1710 548 1782 2592
559 1731 617 1785 eqq.
628 1715 722 1786 Hygin.
732 1711 787 1766 l'ab.
832 1729 935 1765 veneno
949 1711 1044 1766 hausto
1061 1716 1162 1788 perire,
1179 1730 1268 1770 tamen
1289 1715 1336 1770 do·

284 1793 328 1848 60.
346 1793 412 1846 Tuto
426 1803 522 1844 monte.
541 1791 605 1844 Vide
619 1795 668 1859 ΙΙΙ,
685 1793 728 1860 13,
743 1793 786 1846 35.
833 1790 930 1842 minam
954 1791 1026 1844 nolle
1052 1796 1176 1846 mutare?
1203 1798 1335 1868 nNempe

320 1875 363 1928 13.
376 1873 473 1927 ‘Nune
475 1876 566 1946 jacere
577 1891 591 1924 e
604 1873 709 1927 dura...
727 1874 788 1928 mie·
833 1883 983 1940 mortuum,
996 1885 1119 1925 autcerte
1129 1873 1256 1946 cupidum
1266 1893 1336 1927 mor·

281 1967 334 2009 em
351 1954 539 2027 aethusam·
555 1953 663 2026 Vulgo:
684 1956 783 2008 «Nunc
832 1949 885 2000 tia?
907 1950 973 2017 Quis
993 1949 1051 2004 hoec
1073 1949 1245 2007 deliramenta
1270 1957 1336 2007 Pro·

278 2038 368 2108 jacere
378 2054 393 2087 e
403 2033 471 2088 duro
481 2052 580 2106 corpus
587 2036 676 2105 juvat,
687 2035 784 2106 impin,
829 2028 913 2098 pertio
930 2028 1081 2083 adscribat?
1091 2033 1216 2103 Repone:
1233 2057 1245 2082 ι
1255 2037 1333 2088 Nunc

282 2133 365 2180 taxo,
382 2113 489 2166 Sumere
505 2126 530 2164 et
551 2113 579 2163 in
596 2126 699 2165 nostrae
720 2123 784 2165 tetra
828 2106 931 2160 decimo
953 2109 1075 2164 admittor
1093 2115 1136 2166 vix
1154 2133 1204 2186 ego
1226 2134 1333 2190 quoque

281 2211 384 2247 venena
395 2210 490 2244 manue
503 2214 510 2243 r
525 2193 605 2244 Nunc
618 2190 680 2242 licet
691 2193 718 2244 in
735 2193 782 2245 tri·
827 2185 880 2240 die·
901 2189 980 2242 Nunc
1000 2191 1091 2262 jacere
1113 2212 1128 2245 e
1148 2193 1215 2248 duro
1233 2214 1332 2268 eorpus

280 2275 329 2326 viis
350 2275 420 2326 eicco
441 2273 606 2344 requiescere
626 2268 708 2336 luna,
729 2271 784 2323 Aut
819 2267 898 2338 jubel
918 2269 999 2340 impia
1023 2285 1106 2336 saxo,
1126 2272 1234 2326 Sumere
1257 2287 1282 2325 et
1303 2277 1332 2326 in

278 2369 329 2425 per
339 2355 449 2404 rimotas
464 2352 569 2402 mittere
582 2349 662 2402 verbe
677 2352 782 2402 forea-
829 2359 934 2397 nostras
953 2349 1013 2398 “lla
1034 2366 1134 2402 venen!
1148 2368 1258 2416 m³¹²¹¹⁸i
1278 2353 1333 2406 Νθΰ

280 2428 483 2484 hchmanoiad
495 2427 547 2480 hoc
557 2427 728 2480 exscribimus
738 2447 785 2480 no·
828 2422 890 2476 licet
915 2426 942 2477 in
970 2425 1051 2480 triviis
1071 2430 1141 2480 eirca
1166 2433 1332 2502 requiescere

280 2505 783 2577 tamrboouahaudpaulo‚quernin-
828 2503 913 2569 luna,
938 2507 992 2558 Aut
1016 2525 1065 2578 per
1090 2509 1200 2562 rimosae
1228 2511 1332 2564 mittere

280 2583 717 2659 terpretibuevidetur‚difficilior.
730 2586 783 2637 Pri·
826 2583 908 2636 verba
933 2587 1011 2640 iores.
1038 2587 1119 2654 Quod
1147 2592 1266 2661 quamvis
1296 2595 1332 2646 ita

280 2683 352 2718 mum
376 2683 425 2736 pro
450 2663 531 2716 Nunc
552 2660 632 2727 licet,
657 2663 684 2714 io
708 2662 782 2718 libris
829 2665 883 2730 sit,
901 2679 975 2718 etc.»
997 2666 1122 2736 Scilicet,
1139 2689 1193 2722 uno
1212 2672 1333 2726 vocabu·

279 2745 384 2816 ecriptia
402 2740 527 2794 omnibus
544 2739 658 2793 habetur
676 2745 732 2797 Nee
748 2743 784 2795 li·
828 2738 855 2792 lo
873 2745 955 2814 juvat
973 2759 1075 2796 mutato
1095 2745 1124 2797 in
1140 2748 1232 2819 jubet,
1259 2749 1332 2822 quod

280 2835 336 2893 eet,
348 2821 421 2896 quod
433 2817 577 2874 Beroaldus
588 2821 687 2892 primus
697 2835 783 2874 muta·
827 2822 864 2873 ita
877 2825 1007 2894 accipies,
1019 2837 1049 2876 ut
1058 2823 1167 2878 verbum
1179 2824 1232 2880 hoc
1237 2831 1331 2900 jubere

279 2905 326 2956 vit.
355 2899 406 2954 Sed
435 2896 502 2951 illud
528 2899 585 2952 Nec
612 2897 672 2952 licet
694 2919 783 2952 verum
827 2901 925 2954 Noetcr
944 2916 1056 2975 usurpat
1077 2905 1107 2970 1,
1127 2903 1161 2972 3,
1184 2906 1227 2973 4ο.
1251 2907 1330 2973 Quod

280 2993 321 3034 eet
332 3001 338 3030 ι
350 2980 431 3031 Nunc
441 2976 502 3029 licet
510 2979 655 3049 proponat,
661 2979 783 3050 jejunato
827 2994 951 3050 praeterea
963 2983 1162 3046 revocavimue,
1183 2985 1243 3034 trite
1257 3003 1330 3036 uene·

279 3070 307 3111 et
317 3054 482 3128 languidum.
496 3055 712 3122 Cavetamen,ne
722 3075 782 3109 curn
827 3075 878 3124 na,
901 3053 1080 3110 Broulhueiue
1096 3078 1127 3111 ex
1144 3057 1217 3131 libris
1235 3062 1329 3130 paucil

278 3135 379 3210 Vulpio
392 3132 522 3205 explicare
535 3145 619 3187 tentet
630 3152 661 3186 ex
672 3133 718 3187 lib.
731 3136 781 3202 lv,
827 3151 992 3204 mutaverat,
1011 3155 1124 3210 quorum
1146 3143 1329 3194 auctoritatem

279 3231 311 3286 7,
337 3231 378 3283 19.
402 3214 502 3280 Immo,
524 3210 584 3265 ideo
609 3231 664 3264 non
685 3213 783 3265 licebat
827 3215 887 3268 fidei
911 3217 1073 3287 optimorum
1096 3234 1150 3268 non
1172 3229 1326 3288 antepono,

276 3292 415 3364 Propertio
424 3305 486 3342 ante
497 3291 567 3342 foret
576 3290 782 3363 excubare‚quia
827 3295 945 3366 quamvis
984 3304 1047 3348 tetra
1079 3313 1177 3346 venena
1212 3294 1329 3351 habeant

279 3370 469 3444 aprretorc(in
481 3369 564 3440 elegia
580 3368 611 3420 16
623 3367 697 3418 rivoli
708 3385 781 3420 arna·
825 3373 916 3442 scripti
934 3389 1023 3424 omues
1042 3373 1111 3424 inira
1130 3372 1196 3445 eleg.
1219 3375 1267 3442 24,
1284 3395 1327 3447 ²7·

278 3450 326 3522 to)
338 3462 365 3503 et
376 3447 551 3513 custodibua,
563 3463 629 3516 quoe
641 3444 684 3496 hic
695 3445 781 3517 adpo·
824 3451 969 3514 Ceterum,
991 3463 1021 3501 ut
1040 3468 1131 3502 verum
1154 3453 1257 3520 fatear,
1284 3453 1327 3510 hic

276 3545 364 3584 ruerat
374 3525 682 3598 domui‚prohibebatur.
690 3525 781 3595 (Nune
824 3525 898 3580 locut
909 3541 1001 3581 noster
1016 3531 1128 3582 fortasse
1140 3531 1259 3584 nondum
1269 3553 1328 3606 per·

277 3610 338 3664 licet
347 3627 409 3661 cum
421 3607 519 3661 caeteris
530 3604 650 3676 legebat,
664 3607 710 3676 qui
721 3606 780 3656 Pro·
822 3620 931 3660 canatur
947 3621 1002 3675 eat,
1023 3623 1079 3660 tum
1095 3607 1218 3676 demum,
1236 3615 1264 3664 ni
1277 3615 1328 3668 fal·

275 3689 391 3760 pertiunt
401 3698 426 3738 et
442 3685 484 3736 hic
495 3697 556 3736 ante
567 3682 660 3735 oculor
669 3681 778 3749 habuit,
824 3683 877 3750 lor,
893 3687 926 3738 ab
940 3691 1012 3741 omni
1031 3703 1105 3761 parte
1123 3691 1326 3763 placiturue‚ei

274 3767 391 3817 imitator
404 3765 501 3814 citatae
521 3759 554 3812 ad
574 3758 661 3830 elegite
678 3759 777 3814 calcem
822 3765 940 3818 versibus
960 3767 1013 3819 elio
1030 3767 1123 3822 ordine
1140 3771 1233 3841 positia
1254 3773 1327 3846 lepa-

273 3843 398 3912 Baetra.)
412 3844 500 3914 Pergit
510 3839 697 3894 Lachmannue
707 3861 714 3892 r
725 3840 777 3893 Sed
822 3861 880 3894 mus
894 3863 900 3893 r
919 3844 1019 3896 -Nuno
1034 3843 1138 3898 decimo
1150 3844 1273 3901 admittor
1283 3852 1325 3902 vix

271 3944 353 3996 porro
366 3925 505 3994 tequemio
513 3921 666 3976 considera:
680 3945 691 3970 ι
704 3923 779 3993 Quod
821 3940 870 3993 ego
883 3942 992 3996 quoque
1011 3924 1069 3990 die3
1087 3927 1142 3980 Nec
1157 3926 1219 3981 licet
1234 3931 1262 3981 in
1276 3933 1322 3984 tri·

272 4004 390 4075 quamuis
406 4002 443 4052 ita
456 4000 504 4067 tit,
521 3998 655 4052 domitiam
674 4013 775 4052 mutare
820 4002 867 4056 viic
877 4005 948 4057 sicca
958 4007 1122 4078 requiescere
1133 4006 1206 4074 luna,
1214 4010 1267 4061 Aut
1275 4027 1324 4080 per
