3128 4766
318 295 362 360 80
625 296 887 364 PROPERTII
911 299 999 364 LlB.
1026 302 1052 364 l.
1094 310 1096 316 '

355 463 366 472 -
409 424 452 486 Et
462 417 546 489 nihil
557 423 650 488 irate
661 443 762 512 posse
772 445 895 514 negare
907 440 984 492 tuae

363 527 482 597 Nullus
493 535 597 598 Amor
607 532 765 626 cuiquam
776 533 889 602 faciles
902 536 947 602 ita
958 535 1103 628 prebuit
1112 537 1197 637 alos,

408 645 454 710 Ut
463 664 532 708 non
544 641 673 710 alterna
683 648 844 734 presserit
853 644 909 713 ille
919 671 1035 716 menn.

360 756 428 818 Nec
440 767 472 818 te
485 749 749 847 decipiat,quod
761 755 804 822 sit
814 757 894 824 'satis
907 755 964 824 illa
974 774 1113 848 parata:
1327 771 1360 826 25

406 861 523 926 Acrius
533 857 589 925 illa
602 859 707 942 subit,
721 863 873 947 Pontice,
886 867 915 932 si
927 881 1063 960 quotue
1074 883 1142 949 θείς

358 971 492 1063 Quippe
503 968 561 1038 ubi
574 992 643 1038 non
654 968 757 1038 liceet'
764 995 889 1043 vacuos
901 975 1060 1046 seducere
1072 977 1213 1063 ocellos,

405 1085 474 1147 Nec
485 1079 622 1172 vigilare
632 1079 699 1150 elio
711 1085 848 1151 nomine
860 1083 956 1154 cedat
966 1092 1087 1170 Amor,

357 1195 422 1280 Qui
433 1217 504 1260 non
515 1209 593 1261 ante
604 1209 713 1288 petet,
726 1195 835 1265 donec
845 1223 966 1272 manue
977 1199 1095 1294 adtigit
1105 1225 1193 1272 ossa.

403 1301 944 1401 Qnisquises,adsiduasehfuge
954 1309 1148 1380 blanditias!
1323 1325 1357 1379 30

310 1515 343 1578 6,
358 1512 596 1584 23),totiesarcum
610 1515 717 1581 unce,
732 1533 810 1586 repe·
859 1509 984 1584 «Quippe
1009 1511 1054 1566 uhi
1078 1531 1133 1564 non
1158 1511 1236 1566 licent
1257 1530 1355 1566 vacuos

308 1593 362 1644 titis
371 1593 455 1664 pungi
465 1594 576 1663 sagittis.
587 1593 657 1646 Totis
663 1593 755 1645 sentire
762 1611 813 1646 me·
856 1590 980 1643 seducere
994 1585 1107 1656 ocellos,
1116 1591 1173 1643 Nec
1183 1591 1291 1662 vigilare
1303 1591 1355 1644 alio

307 1670 387 1723 duellis
396 1691 446 1742 pro
462 1673 535 1724 toties
544 1670 738 1736 Bronlrlrusius,
748 1673 811 1724 Bur·
855 1671 977 1736 nomine,
994 1669 1071 1721 cedet
1088 1670 1210 1721 Amoris·
1229 1671 1356 1723 Vincetur

307 1767 428 1818 mannus,
440 1751 575 1819 Bartlrius,
585 1771 616 1805 ex
626 1751 810 1806 emendatione
855 1757 881 1798 et
898 1745 980 1799 ‘abibit
1000 1749 1097 1812 Amor,
1115 1749 1154 1814 ti,
1174 1766 1253 1820 qnam
1269 1747 1354 1818 depe-

306 1831 402 1883 Dousse
427 1831 525 1883 frustra
544 1844 688 1902 reponunt.
702 1833 808 1883 —Ira-
854 1827 902 1891 ris,
923 1829 1050 1879 continno
1065 1841 1219 1900 presentem
1235 1827 1356 1882 babeas?

305 1920 345 1962 toe.
361 1909 478 1960 Amantia
497 1909 614 1960 miserias
626 1907 808 1962 narratznihil
852 1907 1027 1959 Distinctione
1048 1920 1163 1974 mutate,
1185 1907 1271 1961 cedere
1292 1927 1354 1960 cnm

304 2006 384 2059 posse
397 2007 493 2058 negare
505 2005 566 2040 sue.
578 1987 633 2040 Gur
646 2005 708 2041 tero
717 1988 808 2040 irate?
852 1984 1022 2038 uolumen
1046 2005 1096 2058 pro
1119 1987 1257 2040 concedere
1278 1990 1353 2060 posi-

304 2068 379 2138 quasi
390 2080 415 2118 et
426 2066 523 2119 blande
534 2068 619 2118 oranti
631 2065 744 2138 obsequi
753 2085 807 2119 non
853 2078 907 2116 tum
932 2063 981 2136 (de
1008 2083 1060 2138 quo
1084 2065 1216 2119 Bentleius
1239 2065 1274 2118 sd
1294 2069 1353 2119 llo-

304 2162 372 2216 sepe
391 2143 487 2196 durum
500 2145 542 2197 sit·
559 2143 631 2210 Qrin
647 2145 713 2196 irate
725 2147 748 2198 si
758 2164 808 2218 po·
850 2156 899 2196 rat.
909 2145 986 2214 epist.
999 2145 1036 2210 ll,
1051 2161 1074 2210 1,
1084 2145 1133 2215 67)
1146 2143 1239 2198 melius
1250 2146 1301 2197 erit
1315 2146 1353 2196 in-

304 2228 366 2290 seit,
381 2225 480 2278 amenti
489 2223 566 2277 dulce
578 2225 806 2296 est,redintegrs·
850 2221 999 2293 terpreteri.
1020 2225 1082 2276 Non
1102 2225 1172 2275 enim
1190 2221 1234 2276 hic
1250 2221 1352 2291 (lech-

303 2315 358 2356 tnrn
368 2307 404 2358 its
418 2321 537 2357 amorem
546 2305 578 2356 iri
590 2306 714 2374 speranti.
729 2307 807 2358 lituo-
851 2303 943 2352 manni
954 2314 1015 2353 sunt
1031 2302 1113 2371 ipsius
1129 2300 1223 2374 verba)
1237 2302 1286 2354 ·id
1297 2305 1352 2373 egit

302 2403 357 2438 rem
368 2384 479 2437 libret-iis
490 2384 806 2458 Propertienisperqusm
849 2395 944 2449 poeta,
952 2381 1190 2446 utrlmorem,sise
1199 2380 1244 2432 det
1251 2381 1350 2452 puella,

302 2461 458 2515 familiarem
474 2479 604 2532 egnesco,
619 2463 656 2512 its
672 2463 806 2533 corripen-
848 2455 909 2510 loco
919 2457 999 2510 semel
1009 2470 1140 2530 occupato
1153 2459 1245 2512 cedere
1257 2473 1349 2532 neget,

303 2539 805 2615 durn‚·lltnilsilinpretoeposeenepare
850 2537 896 2590 sed
909 2541 995 2590 acrius
1013 2537 1101 2592 subire
1119 2539 1273 2604 contendit,
1293 2559 1350 2594 non

301 2631 381 2674 tuta
399 2621 527 2692 Inqmtoe,
538 2637 596 2690 quie
605 2617 740 2671 beneficiis
751 2621 804 2672 tuis
849 2616 904 2669 lieri
920 2616 1006 2670 lenem
1026 2629 1053 2670 et
1075 2617 1154 2670 facile
1173 2617 1346 2672 ferendum..

301 2709 389 2752 tamen
398 2697 496 2750 nollem
506 2697 603 2750 lrabeat
610 2699 729 2765 pretinm.
741 2697 802 2764 Vel,
849 2695 877 2748 V
874 2713 950 2750 octos
959 2694 1055 2749 ocellos
1061 2735 1070 2762 ,
1080 2709 1168 2749 aurate
1178 2696 1278 2750 sedicet
1287 2699 1350 2749 irns-

301 2777 429 2842 sinaris,
440 2777 540 2848 ieprete
549 2774 638 2827 :Nihil
648 2793 743 2846 negare
755 2795 803 2847 po·
846 2775 915 2843 gine.
928 2773 1045 2828 Vacuum
1054 2787 1142 2848 pectre
1151 2776 1187 2828 its
1195 2775 1265 2828 nude
1273 2778 1349 2847 ponit

301 2858 372 2921 teris,
380 2854 426 2910 sed
434 2859 534 2927 ingrate
543 2856 647 2908 servies.
659 2855 804 2908 Lachmen-
846 2853 879 2907 el.
895 2871 936 2920 to,
945 2855 995 2917 303
1012 2875 1104 2910 ventos
1117 2867 1234 2908 amentes
1244 2857 1292 2924 111,
1306 2874 1347 2925 17,

301 2935 480 2988 nun—Tute.
490 2933 558 2986 Vide
570 2946 627 2985 not.
639 2931 674 2984 ad
683 2933 716 2986 el.
732 2934 762 2999 5,
775 2934 801 2986 3.
849 2935 1003 2988 tr.-Alio
1013 2935 1128 3002 nomine,
1144 2933 1193 2988 alia
1204 2934 1237 2988 de
1249 2953 1346 3002 muse,

337 3013 379 3066 23.
397 3010 497 3070 Nullus
518 3011 618 3079 Amor,
644 3023 695 3064 etc.
722 3009 800 3064 nobis
844 3015 896 3067 nisi
909 3019 1144 3087 propterssuciam
1158 3029 1281 3066 mentem.

299 3092 381 3146 Amor
392 3108 539 3163 numquam
554 3091 590 3143 its
605 3088 689 3144 facilis
703 3102 759 3156 est,
771 3103 801 3142 ut
869 3111 922 3164 ⁴9·
941 3095 995 3166 Qui
1004 3113 1057 3150 m„
1071 3105 1133 3146 am
1140 3103 1214 3166 pam
1229 3093 1342 3145 manife.

299 3187 353 3220 non
372 3169 450 3222 bonis
470 3169 524 3222 suis
543 3169 701 3240 permisceat
720 3167 799 3222 mels.
843 3187 915 3242 stus,
937 3174 1018 3228 donee
1044 3191 1137 3226 mamas
1158 3171 1251 3246 cdu'qr't
1275 3189 1344 3240 osea,

298 3246 403 3302 Scilicet
415 3266 477 3300 eunt
491 3247 625 3318 Meleagro
639 3246 730 3318 (cnjus
742 3249 800 3318 epi·
844 3271 924 3322 quem
937 3250 1086 3304 adhereant
1097 3267 1156 3301 ossa
1168 3249 1235 3313 cuti,
1249 3249 1344 3302 nobis·

297 3341 442 3397 grammate
456 3325 515 3378 vide
529 3329 581 3392 LV,
591 3327 662 3397 LIX)
675 3327 800 3380 amatorie
844 3339 897 3381 ruet
908 3329 971 3398 ipsis
981 3323 1113 3396 tangenda
1123 3343 1211 3377 manu.
1225 3326 1343 3380 lnsuavis

297 3404 377 3473 ψυχὴ
401 3407 451 3462 sibi
474 3406 549 3478 fingit
577 3406 692 3472 elatem,
719 3423 799 3477 quesn
843 3407 963 3478 profecto
977 3403 1036 3458 telis
1050 3406 1138 3475 imago
1150 3417 1297 3475 eet,qusrn
1308 3425 1342 3460 ne

297 3488 400 3540 evolare
421 3499 564 3540 tentantem
589 3487 690 3538 slterna
714 3504 795 3538 manu
842 3485 1007 3556 Propertium
1031 3495 1118 3534 temen
1138 3480 1269 3534 dedecere
1293 3502 1342 3536 co·

296 3569 390 3638 premit
402 3585 434 3620 ec
448 3568 543 3618 retinet
557 3565 646 3617 Amor.
841 3565 922 3634 gites,
945 3560 1022 3615 aliam
1049 3560 1119 3612 lianc
1146 3559 1258 3614 habebis
1287 3581 1341 3616 non

332 3644 374 3698 25.
395 3647 470 3716 Quod
487 3645 522 3698 sit
540 3645 600 3698 satis
620 3642 670 3696 illc
687 3651 796 3714 perata,
839 3641 922 3696 multo
930 3645 1013 3718 megia
1022 3641 1288 3712 placituran,ll,14,
1300 3661 1341 3712 υ,

295 3723 438 3797 voluptatis
451 3727 488 3776 its
503 3721 652 3776 commode.
661 3720 795 3772 -Acn'm
842 3721 977 3776 «Dicetur
994 3723 1067 3776 eicco
1083 3719 1158 3774 uilior
1170 3741 1228 3776 esse
1242 3721 1315 3776 lucu.
1325 3747 1338 3772 a

296 3803 345 3858 illa
356 3806 435 3874 usit,
449 3815 585 3876 penetret,
596 3797 717 3854 medullis
731 3797 794 3854 sub·
837 3801 916 3852 -At
929 3801 1005 3874 supe.
1021 3799 1134 3856 Codices
1152 3801 1270 3875 aufuge,
1287 3800 1339 3856 hoc

295 3901 401 3955 repens.
838 3878 927 3950 lingue
935 3899 989 3934 non
1000 3879 1122 3934 admittit.
1130 3881 1255 3957 Alfuqe,
1268 3881 1340 3956 quod

332 3979 375 4032 ²7·
402 3963 502 4036 Quippe
530 3963 588 4026 uli,
612 3973 663 4014 etc.
685 3959 791 4030 vulpot
838 3962 940 4032 scripte
958 3961 1064 4016 lectioni
1087 3983 1168 4035 qnasi
1189 3967 1337 4034 proximum
