3128 4766
484 391 988 518 ELEGIARUM
1026 367 1028 370 ’

350 673 657 822 LIBER
700 662 1124 830 PRIMUS?

255 1112 265 1132 ⁶
277 1112 338 1163 Non
355 1111 417 1163 setis
431 1111 554 1164 videntur
568 1111 719 1166 adtendisse
764 1131 824 1166 mea
837 1113 865 1164 in
881 1113 952 1166 libris
964 1131 1043 1186 regno
1053 1115 1127 1167 fuere
1138 1116 1202 1180 tuis,
1215 1139 1227 1162 ι
1239 1130 1265 1166 et

217 1189 315 1255 critici,
326 1207 410 1261 quum
419 1189 525 1242 titulum
536 1193 652 1245 emron
663 1191 719 1243 Mo·
763 1211 824 1244 mcx
838 1210 876 1244 rs.
893 1210 940 1263 77,
956 1217 967 1239 s
978 1193 1009 1244 Et
1020 1212 1196 1266 quoscumque
1207 1213 1264 1247 meo

218 1282 354 1333 uortuos,
367 1269 508 1340 inscriptis
519 1268 662 1322 Codicibus
677 1269 719 1320 in·
762 1271 848 1325 iecisti
859 1273 966 1324 contine
978 1291 1086 1339 versus,
1097 1276 1150 1325 Ure
1163 1273 1263 1340 mihi,-

215 1345 303 1402 tlitunr
316 1348 454 1418 -Propertii
478 1348 661 1416 omninibus,
684 1347 720 1400 sd
762 1349 1267 1425 umdublnmedtquinilrtrumtitn·

217 1426 334 1496 priorum
353 1437 457 1479 tanturn
473 1423 547 1480 bunc
564 1426 661 1482 librum
677 1445 719 1478 re-
763 1427 804 1484 lus
816 1429 914 1482 librum
925 1443 1012 1502 poetro
1019 1433 1106 1483 nostri
1117 1449 1173 1484 non
1183 1450 1264 1484 unum

219 1503 327 1556 ferrent.
338 1503 376 1556 Ex
393 1503 500 1558 duobus
516 1507 603 1571 enim,
622 1501 718 1576 quibus
763 1505 970 1580 complectatur,
982 1501 1029 1559 sed
1040 1505 1130 1580 plnres
1142 1527 1205 1573 eos,
1219 1509 1263 1580 qui

218 1581 289 1634 inter
305 1593 416 1649 cetere,
435 1583 503 1635 locis
522 1595 659 1636 auctorum
678 1585 720 1636 in·
766 1583 924 1639 celebratam
934 1581 1076 1658 cynthiam
1085 1585 1210 1638 referunt.

218 1663 328 1730 sistunt,
339 1663 476 1732 blettislis,
486 1666 640 1738 epigramm.
650 1665 721 1733 xlv,
800 1667 859 1719 inm
868 1679 949 1732 vero,
962 1667 1079 1719 Neronis
1093 1661 1227 1718 distichon
1245 1669 1266 1718 ei

222 1744 288 1812 189,
300 1743 549 1814 etOridii,llemed.
559 1747 649 1798 Amor.
659 1745 720 1816 764,
765 1744 848 1817 ptnlo
863 1743 1014 1816 diligentins
1029 1746 1226 1818 perpendatur,
1240 1747 1267 1798 iu

219 1823 332 1878 alternus
349 1824 426 1879 illurn
442 1825 560 1880 cruditus
579 1829 620 1878 vir
635 1825 720 1880 Locis·
762 1825 953 1896 quosoriptsm
962 1822 1046 1876 soloris
1057 1822 1198 1894 Cynthium
1209 1825 1268 1875 Pro-

220 1919 335 1956 monuus
359 1903 477 1956 ostendit
499 1904 604 1958 efficere
630 1904 719 1970 nibil,
763 1905 849 1974 pertio
876 1901 989 1968 tribuit,
1018 1902 1092 1954 nulle
1123 1903 1268 1954 carminum

221 1981 292 2053 quod
305 1979 385 2034 talem
395 1984 549 2054 opinionem
563 1981 721 2056 comprobet
765 1981 899 2034 mentione
924 1981 1014 2048 iacta,
1036 1999 1095 2053 quae
1122 1977 1189 2032 liber
1212 1984 1268 2051 ejus

219 2058 295 2128 (vide
308 2073 364 2112 not.
376 2060 410 2113 sd
422 2061 468 2114 lib.
481 2063 525 2126 lv,
540 2079 621 2114 curm.
638 2077 668 2132 7,
681 2077 720 2114 vs.
766 2073 878 2132 quartus
890 2055 1013 2123 exhibet,
1029 2059 1129 2131 peterit
1140 2061 1219 2111 etism
1228 2059 1269 2110 in·

220 2139 288 2210 77);
309 2138 437 2206 alterum,
454 2141 557 2207 Ovidii,
577 2142 722 2193 :Carmina
766 2139 800 2191 de
813 2138 920 2208 colligi,
933 2151 1057 2208 quartum
1072 2135 1144 2189 hunc
1156 2137 1268 2200 librum,

220 2217 279 2288 quis
300 2219 388 2289 potuit
408 2231 466 2270 toto
486 2218 582 2288 legisse
606 2217 721 2282 Tibulli,
766 2221 805 2272 uti
826 2217 948 2269 Bortbius
962 2215 1205 2289 Lechmennnsque
1220 2229 1270 2268 sta·

221 2292 269 2347 Vel
280 2310 342 2362 tus,
360 2299 435 2366 cujus
454 2315 518 2370 opus
537 2297 650 2368 Cynthio
667 2293 722 2349 sola
766 2309 861 2364 ruunt,
876 2315 930 2348 non
940 2296 974 2348 eb
986 2299 1045 2366 ipso
1056 2297 1211 2368 Propertio,
1224 2287 1269 2347 sed

222 2373 316 2426 initi·
338 2375 396 2446 ipse
415 2393 472 2428 non
493 2377 600 2446 majoris
619 2377 646 2428 in
670 2373 722 2426 boc
766 2376 820 2426 sits
846 2391 928 2446 quum
951 2376 1006 2444 jam
1032 2373 1209 2440 decessisset,
1235 2373 1269 2424 eb

221 2468 280 2504 esse
296 2446 423 2522 ponderis
442 2451 564 2506 arbitror.
583 2447 722 2544 Cpnthism
768 2454 874 2518 amicis,
897 2454 1010 2505 fortasse
1034 2455 1113 2504 etiarn
1138 2471 1193 2504 non
1220 2455 1271 2504 nisi

220 2529 332 2582 Ovidius
358 2533 464 2581 unicam
493 2533 631 2602 Propertto
662 2529 724 2584 scri·
767 2545 829 2603 post
847 2547 947 2584 ennom
966 2531 1034 2602 754,
1054 2527 1154 2584 editum
1173 2533 1271 2593 fuisse,

221 2605 418 2661 bendicsussnr
429 2610 557 2662 attium
566 2608 631 2661 dicit
642 2631 648 2661 :
660 2608 724 2680 qnid
767 2610 825 2679 vel,
846 2613 867 2663 si
884 2610 971 2664 lucent
988 2612 1062 2683 prius
1083 2610 1176 2663 viderit
1194 2609 1271 2680 (ante

220 2690 271 2740 erit
276 2689 347 2756 jan,
359 2705 407 2742 cor
415 2687 490 2740 illum
499 2689 532 2741 ed
544 2691 657 2760 primurn
666 2703 724 2741 tsn-
769 2690 826 2742 scil.
845 2705 907 2742 eno.
924 2687 1010 2759 754),
1029 2691 1144 2742 auctoris
1165 2691 1207 2740 sui
1226 2708 1271 2742 ne·

220 2781 278 2820 tum
300 2770 430 2840 Propertii
445 2782 556 2842 partem
579 2769 724 2840 respexisse
767 2768 833 2822 doru
844 2771 943 2820 iamsrn
953 2767 1107 2836 extenderit,
1117 2767 1270 2822 inchoatum

220 2845 347 2916 scinu,
366 2867 420 2902 non
441 2852 532 2921 potius
547 2849 583 2902 sd
600 2852 724 2904 universe
768 2863 817 2900 nec
837 2849 986 2919 perlectum
1005 2867 1074 2918 opus
1093 2861 1196 2900 tantun
1215 2867 1271 2900 csse

220 2945 280 2998 que
291 2927 341 2982 sub
353 2929 471 3002 Cyntbiae
482 2931 590 2985 nomine
606 2931 724 2984 carmine
763 2925 927 2995 judiceturn,
942 2928 1042 2980 ceteris
1054 2939 1139 2998 poete
1149 2928 1272 2978 carmini-

222 3006 327 3076 prolote
347 3009 418 3060 sinti
438 3009 503 3060 Dori
523 3007 631 3079 quidem
649 3010 724 3079 prius
767 3003 818 3058 bus
836 3023 1006 3076 nequequam
1026 3003 1271 3072 adnumerandum,

221 3083 288 3138 illud
313 3102 421 3157 posset,
441 3105 474 3140 eo
496 3087 664 3154 conditione,
683 3091 724 3156 si,
769 3083 966 3155 quslsmplonc
980 3083 1167 3136 Lachmannus
1180 3099 1266 3156 poste

220 3167 351 3234 quanin
360 3165 513 3238 loquerem-
523 3166 723 3233 Ovidjm'Pfo·
767 3167 864 3214 florem
892 3159 963 3216 hanc
989 3176 1094 3234 pfll'lffll
1119 3162 1267 3216 habendam

222 3244 335 3314 pertinn
354 3245 453 3318 elegius
467 3263 559 3300 omnes
579 3265 641 3300 sese
655 3261 723 3298 non-
767 3239 913 3294 contendit·

222 3319 286 3374 dun
301 3323 329 3374 in
343 3322 430 3376 locem
446 3323 560 3377 edidisse
574 3335 722 3388 constaret,
803 3321 932 3374 Ceterum
949 3323 975 3372 in
996 3325 1118 3374 extremis
1132 3323 1164 3374 iis
1179 3324 1269 3389 conje·

222 3397 268 3450 sed
279 3398 351 3452 aliud
361 3413 511 3473 temporum
519 3405 599 3456 series
609 3401 720 3454 indicat:
767 3413 871 3452 ctursru
879 3401 1014 3474 ponimus,
1022 3418 1101 3471 quam
1111 3400 1270 3452 levissimam

222 3475 327 3530 videtur
344 3477 446 3532 scilicet
463 3495 549 3534 susos
568 3483 599 3532 U.
619 3481 648 3532 C.
672 3481 723 3550 739
768 3481 818 3551 ipsi
841 3481 969 3532 sentimus
990 3498 1064 3546 esee,
1087 3479 1218 3551 siqnidem
1242 3495 1271 3530 ut

222 3555 301 3608 finem
313 3555 448 3612 scribendi
461 3559 599 3629 Propertio
614 3561 723 3624 iecisse,
768 3571 901 3612 evertatur
913 3558 974 3626 illa,
989 3557 1123 3610 distichon
1133 3558 1221 3610 Ovidii
1232 3575 1273 3610 ss-

223 3653 272 3688 uec
283 3637 335 3688 nisi
348 3655 413 3692 eno.
433 3636 485 3708 754
501 3638 535 3690 eb
548 3637 645 3692 Oridlo
661 3659 723 3710 pro·
768 3642 803 3692 tis
817 3641 865 3692 erit
880 3637 970 3704 cliter,
982 3651 1063 3709 stqroe
1078 3639 1212 3707 cepimus,
1230 3639 1272 3690 in·

223 3711 723 3771 &menandrianorum
769 3719 924 3789 ter-pretori,
942 3716 977 3768 de
997 3715 1112 3789 Cynthio
1134 3717 1273 3780 nimirum,

222 3789 278 3844 nse
297 3795 431 3846 timaus
449 3795 532 3861 locis,
550 3797 597 3866 qui
616 3797 724 3866 propris
770 3815 851 3867 quom
860 3799 1013 3868 Propertius
1023 3797 1128 3848 unicam
1138 3796 1273 3860 cecinerit,

222 3868 356 3926 &iuncte
372 3871 490 3945 Cynthius
505 3873 586 3930 verbs
609 3885 671 3926 suot
691 3873 726 3926 sd
771 3889 854 3946 qutun
866 3872 941 3926 Delio
953 3875 1057 3945 primo,
1070 3871 1167 3924 deinde
1182 3885 1207 3926 et
1219 3873 1273 3924 Ne·

221 3951 406 4022 Propertium,
423 3953 474 4019 lV,
493 3969 523 4020 7,
541 3951 591 4020 50,
615 3953 727 4024 «torpa
772 3954 852 4008 meeis
862 3951 970 4006 Tibullo
984 3951 1122 4006 celebrate
1138 3953 1196 4004 sint.

1080 4125 1109 4186 3.
