3128 4766
327 354 371 420 68
633 360 895 429 ΡΒΟΡΕΒΤΙΙ
919 366 1008 432 LIB.
1036 372 1061 434 1.

372 485 440 550 Neo
450 497 581 549 tautum
592 485 743 574 ingenio,
757 505 923 582 quantum
935 495 1059 561 servire
1071 491 1178 564 dolori

416 595 536 684 Cogor,
548 607 582 660 et
592 597 697 664 aetotis
709 613 861 690 temporo
875 601 960 670 dum
972 609 1079 699 queri.

370 705 433 771 Hic
444 702 526 770 mihi
539 709 723 775 conteritur
734 712 809 777 vitae
821 711 958 799 modus;
972 715 1044 784 haec
1055 720 1229 810 meuiomu
1242 739 1310 806 cst3

416 815 502 880 Hinc
513 817 613 906 cupio
627 841 750 884 nomen
763 823 920 889 carminis
932 826 982 892 ire
993 830 1071 894 mei.
1338 861 1369 896 ιο

370 925 426 988 Me
437 919 575 990 laudent
586 922 694 994 doctae
708 927 818 995 solum
831 929 996 1021 placuisse
1008 935 1148 1028 puellae,

414 1035 569 1116 Pontice,
582 1052 616 1102 et
626 1031 766 1128 injustas
779 1063 868 1132 saepe
880 1041 997 1113 tulisse
1009 1051 1118 1117 minas
1134 1078 1141 1116 :

368 1147 424 1210 Me
435 1141 524 1236 legat
534 1145 675 1214 adsidue
687 1165 765 1240 post
778 1149 852 1218 haec
865 1155 1037 1248 neglectus
1049 1177 1191 1242 amator,

413 1255 456 1318 Et
466 1255 596 1344 prosint
606 1254 654 1348 illi
666 1260 800 1348 cognita
811 1279 927 1330 nostra
937 1264 1037 1334 mala.

366 1365 416 1429 Te
427 1386 563 1458 quoque
575 1366 603 1431 si
615 1382 707 1433 certo
718 1392 805 1460 puer
816 1367 871 1439 hic
882 1379 1089 1446 concusserit
1099 1404 1197 1462 arcu,
1337 1397 1366 1448 1⁵

412 1471 511 1557 Quod
523 1471 626 1540 nolim
637 1493 771 1544 nostros
783 1478 949 1550 evoluisse
961 1483 1061 1570 deos,

366 1586 480 1672 Longe
491 1597 600 1650 oestro
610 1584 686 1668 tibi,
699 1584 799 1680 longe
812 1591 914 1660 miser
923 1599 1058 1686 agmina
1068 1613 1199 1690 septem

412 1692 521 1762 Plebis
534 1695 569 1762 in
580 1711 707 1764 oetorno
718 1697 820 1767 sunio
828 1705 940 1802 jacere
954 1711 1038 1792 situ3

317 1893 371 1948 Cio.
386 1895 419 1950 de
431 1896 493 1969 Lep.
510 1901 537 1964 1·,
557 1899 589 1965 5,
613 1903 819 1976 15);scriptuur
863 1912 975 1969 nostros,
993 1902 1122 1954 Venerem
1142 1913 1169 1952 et
1185 1899 1360 1974 Cupidinem,

318 1975 406 2048 quod,
421 1977 540 2050 elegiam.
862 1977 1001 2047 everrisse,
1016 1976 1135 2032 evolvere
1148 1979 1209 2048 tibi,
1228 1982 1362 2054 quomodo

354 2073 378 2127 7.
397 2059 454 2109 Nec
475 2068 577 2110 tantum
596 2059 719 2133 inperio,
743 2067 819 2136 cujus
863 2057 930 2129 eleg.
946 2075 973 2126 1,
992 2055 1177 2122 stromata
1187 2079 1238 2131 pro
1254 2059 1362 2114 domare

316 2137 423 2207 proprie
434 2147 552 2205 euntes,
566 2157 623 2210 quse
634 2154 663 2192 tu
673 2143 745 2194 cunis
754 2179 763 2208 ‚
773 2143 820 2196 he·
863 2141 979 2211 positum
995 2138 1121 2204 vidimus,
1142 2153 1167 2191 et
1185 2140 1310 2194 translata
1325 2141 1359 2194 sd

316 2218 388 2268 roioa
400 2255 408 2284 ,
422 2228 548 2289 quantum
568 2217 653 2272 daton·
667 2224 759 2290 servire
778 2243 820 2276 ω.
864 2221 927 2272 istos
945 2219 1026 2286 deos,
1047 2217 1121 2290 quod
1140 2219 1279 2273 Parcarum
1301 2235 1363 2288 est,

315 2313 378 2367 por,
393 2295 515 2350 addictus
530 2303 626 2370 rieurpe
636 2301 746 2366 Veneri,
762 2321 819 2372 ques
863 2298 999 2352 evolvendi
1028 2297 1170 2368 notione).
1203 2299 1254 2353 sed
1284 2296 1362 2353 acute

317 2375 388 2430 leves
399 2397 439 2428 ure
448 2381 534 2451 poscit
544 2393 570 2431 et
582 2379 707 2451 querulos
715 2381 818 2436 modos,
863 2375 1048 2428 Lachmsunus
1065 2375 1202 2444 observat,
1226 2399 1237 2424 ι
1248 2377 1361 2431 debilem

316 2485 352 2496 -
361 2457 452 2524 Erus,
468 2459 535 2524 vita,
547 2471 576 2510 ut
589 2472 644 2510 erar
656 2457 721 2530 eleg.
732 2461 764 2526 6,
776 2478 818 2513 ῃ,
863 2454 933 2506 illam
944 2451 1051 2526 quidem
1064 2454 1174 2505 irouiuur
1187 2473 1259 2521 esse,
1270 2459 1298 2510 iu
1307 2455 1360 2510 hoc

315 2537 421 2588 -Cuur
429 2539 566 2608 Propertio
575 2539 708 2590 Nasonem
715 2541 817 2608 confer,
863 2534 997 2595 carmine,
1009 2547 1061 2604 ‘1¹¹⁰
1075 2534 1226 2602 ffl'fflfflm‘
1235 2535 1261 2585 5¹¹
1272 2535 1363 2588 Ρῡῦῑὶ·

315 2617 418 2666 Amorr.
437 2617 475 2678 ΙΙ,
500 2616 545 2680 18,
571 2631 579 2665 t
602 2637 608 2667 :
631 2617 763 2668 «Carmen
783 2616 816 2670 ad
861 2629 922 2664 curu
947 2611 1045 2683 ubique
1063 2609 1238 2680 invehitur„
1261 2613 1363 2686 aliquid

315 2693 413 2744 iratum
422 2692 485 2744 duru
496 2707 524 2764 ιιι
537 2691 660 2763 perducis
672 2693 815 2762 Achillem,
859 2691 954 2742 fortius
975 2687 1148 2760 acerbiusque
1168 2687 1273 2744 dedisse
1294 2693 1361 2744 Pro-

314 2771 451 2841 Primaque
458 2773 554 2840 juratis
566 2771 652 2824 induis
660 2791 730 2826 arms
739 2776 813 2836 viris;
860 2771 972 2839 portium
993 2769 1152 2837 suspicans,
1175 2787 1231 2822 nou
1254 2768 1361 2837 norim,

314 2848 387 2915 Nos,
403 2849 505 2914 Macer,
520 2851 618 2920 ignavie
635 2851 743 2904 Veneris
756 2869 815 2905 ess·
860 2847 907 2901 sed
919 2845 1017 2914 «Quod
1031 2845 1100 2900 stolis
1113 2859 1219 2900 nostroe
1231 2849 1361 2902 evoluisse

314 2945 402 2981 sumus
413 2930 441 2980 iu
454 2927 562 2994 umbra,
575 2929 607 2980 Et
619 2943 692 2982 tener
703 2949 814 2986 ausuros
858 2925 936 2990 deon
945 2951 957 2975 ι
972 2927 1049 2998 Quod
1058 2926 1139 2994 nolis,
1154 2941 1183 2980 ut
1195 2930 1265 3000 quot!
1276 2928 1360 2982 nolim

312 3007 421 3077 grundis
435 3008 530 3078 frangit
545 3011 633 3060 Amor.
646 3033 657 3056 ι
859 3007 979 3074 Ovidius,
989 3005 1114 3059 Heroidd.
1125 3005 1182 3072 XX,
1198 3025 1254 3074 roo,
1268 3022 1293 3060 et
1302 3009 1357 3062 Cic.

352 3103 392 3138 ro.
405 3088 524 3152 Nomen,
536 3087 646 3154 fumum,
660 3089 790 3142 caminis.
859 3083 892 3138 ed
903 3085 993 3138 Fumii.
1008 3087 1044 3150 11,
1057 3087 1088 3152 3,
1099 3082 1133 3136 ud
1145 3085 1224 3138 Attio.
1234 3087 1296 3150 vu,
1313 3089 1357 3150 18;

353 3165 813 3232 11.Mesoium,unumsnteouroes.
859 3163 991 3232 avertendi
1014 3162 1136 3216 sorruuio.
1161 3165 1216 3216 Hac
1235 3162 1285 3216 leri
1299 3182 1359 3216 cor-

352 3243 392 3295 15.
408 3243 478 3296 Puer
489 3243 539 3296 iic.
552 3245 618 3297 Vide
630 3259 685 3299 not.
701 3245 736 3298 od
748 3245 813 3316 eleg.
858 3246 975 3296 rectione
999 3261 1104 3295 sensuro
1132 3242 1217 3294 fateor
1241 3255 1268 3296 ct
1293 3243 1357 3296 mihi

313 3321 347 3387 6,
367 3321 409 3374 23.
427 3349 462 3362 -·
482 3325 657 3390 θοιισιιςκιίι,
673 3323 813 3395 dejecerit,
859 3321 942 3374 multo
954 3322 1036 3391 magis
1047 3319 1165 3390 probari.

312 3401 414 3453 vicerit.
424 3431 461 3442 -
473 3401 548 3470 Quod
556 3401 655 3468 nolim,
671 3417 721 3456 etc.
736 3405 813 3470 Hunc
896 3416 935 3467 ιγ.
953 3400 1054 3472 hope,
1065 3411 1115 3452 etc.
1128 3397 1200 3472 quod
1214 3397 1292 3474 louge
1308 3400 1357 3454 tibi

313 3480 469 3534 versiculum
501 3483 522 3532 si
552 3483 673 3552 cupimus
699 3483 753 3549 ita,
784 3497 813 3536 ut
853 3479 909 3547 jum
932 3479 998 3544 erit,
1021 3477 1156 3530 heroicum
1179 3477 1244 3530 illud
1270 3491 1356 3534 totum
1403 3481 1404 3486 ’

314 3563 410 3612 suroris
430 3557 563 3612 avertendi
578 3573 672 3612 votum
689 3561 738 3626 sit,
755 3563 812 3632 ipss
857 3577 925 3630 opus
937 3572 1027 3623 tuum,
1043 3573 1145 3622 costra,
1164 3558 1261 3624 duces,
1283 3579 1358 3614 exer-

314 3637 365 3692 sibi
392 3641 541 3710 Propertius
567 3640 705 3692 manifeste
730 3639 813 3694 taum
857 3640 943 3702 citus,
957 3639 984 3690 iu
998 3651 1095 3691 uteruo
1108 3639 1159 3691 situ
1175 3642 1264 3710 jecere
1281 3639 1356 3694 flebis

312 3720 455 3786 orit5oihii
470 3721 541 3772 enim
553 3722 652 3792 ungis,
665 3722 812 3792 quam'fleri
856 3719 1041 3789 interruptum.
1061 3717 1160 3785 Surda,
1179 3717 1300 3786 silentis,
1316 3723 1357 3774 in·

313 3799 451 3852 Ponticum
461 3797 741 3869 smssoremstptabut.
756 3801 813 3854 iro-
856 3795 956 3850 sudits.
973 3797 1014 3850 Sic
1031 3795 1089 3868 Iym
1104 3799 1181 3852 surda
1198 3799 1247 3864 IV,
1259 3802 1290 3866 5,
1305 3799 1357 3862 56;

310 3879 369 3929 uice
380 3879 459 3948 igitur
468 3876 521 3930 dici
530 3875 707 3948 cogitabimus
718 3901 724 3930 :
737 3879 811 3947 Nec,
855 3877 930 3932 surda
940 3878 1172 3932 tucciusumat.
1183 3891 1230 3932 est.
1242 3881 1300 3948 Vll,
1312 3897 1357 3949 7¹·

310 3967 338 4006 ut
351 3958 446 4022 sentis,
460 3955 539 4009 velim
552 3958 677 4010 reservari
689 3957 737 4011 tibi
755 3957 808 4012 tsie
854 3957 937 4012 netis
949 3969 1036 4010 auteur
1038 3960 1136 4029 jacere,
1152 3974 1182 4012 ut
1191 3961 1239 4028 tn,
1257 3979 1288 4030 9,
1303 3961 1352 4031 37,

310 4031 453 4105 quidquam
467 4033 529 4088 muli
544 4036 640 4106 (Quod
652 4035 736 4090 nolim
751 4037 811 4093 deos
855 4039 989 4116 Noeflebo
1001 4037 1093 4092 uidisse.
