3116 4756
610 521 862 623 ELEGIA
896 525 1034 620 XIX.

566 775 571 784 ,
645 735 706 801 so
728 735 996 800 ornrnnn.

704 1109 934 1144 annuusnrutt.

337 1218 529 1277 Rusticatum
540 1217 624 1278 abire
636 1219 733 1276 Roma
746 1215 929 1299 Cynthiatn,
945 1217 1000 1276 etsi
1010 1213 1157 1274 discessus
1168 1213 1267 1275 amori
1278 1233 1348 1294 gra·
1392 1271 1393 1277 ,

211 1337 214 1346 ·
296 1315 416 1390 visast,
434 1315 557 1375 laetatur
575 1328 689 1396 poeta:
710 1315 793 1396 apud
814 1335 904 1396 agros
922 1311 1031 1374 saitem
1049 1315 1082 1370 in
1101 1325 1168 1372 tuto
1187 1333 1218 1371 se
1236 1309 1348 1372 habere

296 1411 462 1488 ferninam3
477 1413 540 1471 illic
558 1433 612 1471 nec
626 1411 745 1471 theatra
762 1433 817 1470 nec
832 1409 924 1469 ludos
943 1411 1185 1469 inconstantiam
1197 1407 1307 1489 juvare
1319 1421 1349 1468 et
1409 1487 1411 1492 Ι

298 1512 413 1570 amoris
434 1509 554 1570 delicta.
572 1508 627 1568 Sed
647 1508 712 1590 jam
737 1529 767 1568 se
787 1521 875 1591 parat
894 1509 975 1590 ipse,
999 1521 1147 1588 utquam
1166 1508 1228 1565 cito
1248 1527 1348 1566 comes

296 1605 385 1665 adeat
399 1605 533 1688 puellam
548 1625 652 1682 suani3
670 1605 760 1665 iilum
776 1603 842 1686 jam
855 1604 992 1664 studium
1005 1603 1139 1663 venandi
1154 1615 1254 1676 tenet3
1272 1605 1347 1664 inci·

296 1717 360 1764 tare
377 1725 466 1764 canes
478 1704 543 1784 jain
558 1703 619 1764 sibi
632 1705 767 1780 videtur,
786 1717 816 1762 et
830 1701 955 1762 turbare
974 1701 1080 1776 silvas,
1097 1714 1265 1762 etcertum
1280 1721 1348 1782 pre·

297 1823 388 1862 mere.
402 1804 520 1863 Interea
536 1801 688 1885 Cynthia,
705 1802 857 1885 quamdiu
871 1802 937 1864 sola
949 1803 1020 1876 erit,
1037 1803 1061 1862 si
1077 1801 1157 1863 forte
1169 1800 1208 1864 ad
1223 1799 1347 1883 culpam

297 1898 459 1960 inclinabit
470 1902 610 1974 animus,
627 1901 735 1962 adfore
754 1902 838 1961 brevi
853 1915 992 1983 tempore
1013 1914 1170 1960 amantem
1189 1897 1279 1958 sn'unr
1296 1917 1347 1958 co·

297 1996 382 2077 gitet.
408 1997 454 2056 Da
475 2017 519 2072 se,
546 1995 625 2058 nibil
646 2019 712 2058 non
734 1997 872 2074 timebit,
892 1993 974 2060 nihil
995 2017 1063 2058 non
1087 1996 1208 2056 cavebit
1228 1994 1347 2056 absenti

297 2091 443 2154 dominas.
844 2099 850 2108 ’

769 2237 881 2254 υ*

347 2326 443 2436 Ersr
455 2392 510 2436 me
522 2368 627 2440 invito
640 2365 799 2450 discedis,
811 2363 954 2459 Cynthia
964 2418 973 2449 ,
984 2367 1109 2448 Roma,

392 2482 518 2561 Laetor,
531 2477 623 2572 quod
636 2480 709 2546 sine
723 2501 777 2545 mo
789 2476 885 2547 devia
897 2501 978 2544 rura
990 2475 1091 2544 coles.

343 2585 464 2654 Nullus
477 2591 540 2654 erit
551 2591 649 2658 castis
661 2585 795 2683 juvenis
808 2605 987 2681 corruptor
1000 2588 1035 2652 in
1047 2586 1135 2676 agris
1146 2636 1154 2668 ,

390 2699 454 2782 Qui
469 2716 501 2766 te
515 2696 683 2764 blanditiis
696 2723 764 2766 non
779 2701 867 2766 sinat
880 2711 953 2768 essa
968 2693 1128 2790 probam3

343 2805 441 2872 Nulla
454 2831 565 2904 neque
578 2827 655 2875 ante
668 2823 742 2875 tuas
756 2810 882 2875 orietur
894 2809 965 2874 rixa
978 2807 1158 2888 fenestras,
1332 2813 1349 2868 ὅ

387 2914 459 2986 Neo
471 2917 530 2986 tibi
543 2917 693 2989 clamatae
705 2943 843 2986 somnus
859 2941 995 2984 aurarus
1009 2918 1082 2982 erit.

267 3043 276 3052 ⁴
342 3027 418 3120 Sola
431 3031 512 3110 eris,
525 3046 559 3096 at
575 3028 663 3098 solos
679 3029 861 3123 spectabis,
874 3027 1035 3121 Cynthia,
1049 3043 1196 3108 montes,

333 3173 339 3184 ‘
389 3145 430 3206 Et
442 3165 559 3231 pecus,
574 3161 607 3208 et
618 3143 702 3210 [ines
717 3144 875 3235 pauperis
889 3138 1054 3230 agricolas.

344 3245 417 3314 illic
429 3265 461 3316 te
474 3251 559 3318 nulii
573 3270 734 3344 poterunt
748 3273 965 3340 corrumpere
980 3245 1067 3330 ludi,

333 3431 356 3464 2.
373 3413 445 3467 Coier
460 3435 508 3486 pro
523 3417 586 3470 coiis
602 3415 796 3470 recte·Lachrn.
844 3426 916 3465 etos
933 3411 998 3462 Vide
1016 3423 1042 3464 et
1056 3411 1195 3471 Nostrum,
1212 3405 1278 3477 eleg.
1299 3405 1347 3472 td,

296 3491 379 3545 edidit
395 3513 455 3544 cum
469 3494 542 3547 libris
555 3496 697 3548 nonnuliis.
714 3497 799 3546 Futu·
844 3489 1033 3545 21.-Nnila
1052 3505 1153 3560 neque,
1169 3498 1199 3537 ut
1218 3504 1295 3538 nemo
1316 3504 1349 3538 ne

296 3590 354 3623 rum
370 3591 462 3624 sensus
475 3575 613 3625 inanifeste
623 3571 750 3645 postulat.
844 3589 919 3624 versu
933 3571 976 3621 32.
992 3569 1058 3620 Vide
1073 3583 1099 3620 et
1112 3567 1162 3632 lii,
1178 3565 1223 3632 13,
1238 3565 1280 3618 23.

333 3651 357 3704 5.
374 3651 458 3705 Nulla
478 3671 559 3722 neqtte
575 3664 636 3702 ante
652 3662 726 3717 tuas,
747 3663 796 3702 etc.
880 3669 904 3720 7.
919 3649 994 3703 Solos
1005 3661 1104 3702 montes
1117 3666 1167 3719 pro
1180 3646 1307 3712 desertis,
1319 3660 1349 3699 ut

296 3733 433 3796 Horatius,
447 3733 533 3784 Cann.
550 3735 577 3798 1,
594 3731 640 3796 25,
655 3749 676 3796 1,
691 3730 798 3803 Lydiam
843 3732 996 3802 frequenter
1019 3729 1103 3781 solam
1125 3741 1265 3799 usurpant.
1286 3725 1349 3779 Sola

295 3809 388 3876 iiiam,
412 3815 488 3881 cujus
511 3825 572 3862 aetas
598 3814 702 3882 vergit,
724 3809 799 3862 adlo-
843 3821 919 3862 antra
936 3808 1045 3862 vidimus
1057 3811 1111 3879 jain
1130 3809 1156 3874 1,
1174 3825 1206 3873 2,
1228 3825 1275 3868 w,
1293 3806 1348 3859 sola

297 3907 398 3960 quens:
418 3915 428 3937 u
441 3893 548 3942 Parcius
560 3893 666 3960 junctas
679 3891 800 3962 quatiunt
843 3906 904 3942 saxa
917 3889 944 3954 1,
960 3889 1007 3954 18,
1022 3887 1046 3954 4.

295 3969 423 4022 fenestras
450 3969 549 4021 lctibus
570 3969 670 4022 crebris
690 3971 799 4040 juvenes
879 3985 904 4037 9.
926 3966 1002 4018 Ludi.
1021 3965 1157 4018 Ludorurn
1176 3959 1346 4036 spectacula,

294 4049 421 4119 protervi,
430 4049 486 4101 Nec
499 4047 546 4101 tibi
556 4067 664 4104 somnos
672 4048 800 4115 adimunt,
845 4066 954 4120 campus
967 4061 1075 4122 apertus
1091 4043 1182 4098 Amori
1197 4042 1303 4107 fertilis,
1317 4052 1348 4091 ut
