3116 4756
321 337 387 404 236
615 336 880 406 PROPERTH
904 341 992 406 le.
1018 343 1066 408 11.

411 467 478 530 Aut
489 460 577 529 celer
587 478 736 554 agrestes
749 466 901 532 cominus
913 466 961 532 ire
974 488 1051 534 sues
1064 492 1072 534 s

363 577 443 642 Haec
454 576 556 666 igitur
567 571 650 640 mihi
663 577 706 641 sit
720 572 852 667 lepores
864 573 1004 648 audacio
1015 575 1134 646 molles

409 686 588 777 Excipere,
601 699 634 752 et
647 685 763 752 stricto
787 684 890 776 ligere
901 709 1000 756 evesn
1012 684 1158 770 calamo,

362 801 437 880 Qua
448 792 596 861 formosa
606 815 668 859 suo
680 791 872 860 Clitumnus
884 791 1025 868 flumina
1039 793 1117 864 luco
1336 809 1370 863 25

412 907 549 996 integit,
562 919 596 972 et
609 905 725 972 niveos
737 901 843 972 obluit
855 905 947 975 unda
957 904 1073 974 boves.

362 1021 416 1084 'l‘u
431 1019 561 1112 quoties
572 1013 699 1110 aliquid
710 1015 894 1098 conabere,
906 1019 990 1099 vita,
1002 1033 1174 1090 memento

409 1133 600 1196 Venturum
612 1131 728 1220 paucis
739 1152 794 1196 me
809 1127 869 1199 tihi
881 1127 1043 1197 luciferis.

363 1241 416 1309 Sic
429 1263 484 1306 me
495 1263 559 1307 nec
571 1235 652 1307 s'olae
663 1255 827 1331 poterunt
839 1256 991 1308 avertere
1004 1237 1114 1322 silve,

412 1355 485 1419 Nec
496 1375 582 1443 vege
592 1352 756 1419 muscosis
769 1349 909 1422 flumina
922 1351 998 1420 lusa
1005 1349 1111 1444 jugis,
1335 1367 1371 1419 3ο

363 1465 453 1548 Quin
468 1487 531 1556 ego
543 1465 578 1530 in
593 1460 734 1531 adsidue
746 1481 874 1530 mutem
887 1479 945 1530 tun
957 1465 1095 1536 nomine
1107 1461 1238 1556 lingua,

413 1571 550 1641 Absenti
561 1598 662 1641 nemo
674 1597 718 1640 ne
730 1575 886 1642 nocuisse
898 1572 988 1642 velit.

318 1733 379 1785 bus.
405 1734 556 1806 Amplilicet
581 1753 697 1801 nornen,
720 1737 773 1788 rim
793 1746 823 1788 ut
868 1754 898 1789 su
913 1734 1372 1808 dictum,ntloquimornosetinm

319 1811 400 1865 addet
411 1815 458 1865 rei.
473 1843 507 1854 -
525 1816 646 1868 Cominus
661 1815 699 1867 ire
709 1833 779 1882 sues,
795 1817 823 1866 in
867 1815 937 1868 Gelli
952 1837 958 1866 ι
976 1814 1026 1870 S’ii
1046 1817 1155 1868 anivait
1170 1815 1267 1887 qu'urre
1287 1825 1372 1866 unta·

319 1911 388 1944 sues.
403 1895 461 1946 Peri
475 1895 555 1947 modo
565 1895 656 1946 vadere
662 1893 766 1966 aliquid
773 1912 822 1965 pro
869 1897 933 1962 tion,
943 1897 1024 1970 qu'urt
1033 1909 1198 1950 mouoement
1206 1896 1276 1969 sefit
1284 1895 1372 1962 sentit,

319 1981 411 2024 contro
431 1971 534 2044 aliquid
555 1972 669 2040 Stotins,
692 1971 822 2026 Thebnid-
869 1995 961 2048 rouye,
975 1990 1025 2029 etc.
1040 1975 1205 2047 -Lurisrr‚
1218 1974 1282 2027 dies.

319 2051 370 2115 111,
389 2067 453 2104 roos
471 2055 538 2122 aqui
552 2053 760 2105 cominuseusus
775 2051 826 2108 Va·
907 2073 950 2124 ²9·
968 2056 1026 2121 Sic,
1049 2055 1166 2120 interes,
1186 2052 1274 2106 donee
1293 2051 1375 2106 adve-

319 2129 379 2182 ders
396 2141 556 2184 conterritum
572 2133 672 2204 regis.»
693 2132 761 2186 Cum
776 2131 827 2184 de·
870 2135 941 2186 niem
961 2134 1024 2199 tibi,
1043 2133 1115 2187 houd
1133 2135 1170 2187 its
1189 2152 1231 2186 me
1252 2151 1374 2186 securum

319 2211 374 2261 tivo
394 2229 457 2264 casu
481 2213 631 2284 Propertius
649 2214 699 2276 lll,
723 2228 754 2278 t,
776 2211 826 2276 26,
871 2211 988 2266 solitudo
1003 2211 1047 2264 iile
1061 2226 1107 2264 tue
1121 2212 1219 2276 faciet,
1231 2212 1294 2283 quin
1306 2227 1375 2264 sem·

320 2285 366 2340 Sil.
387 2290 494 2344 italicus
515 2293 553 2355 V,
575 2290 643 2356 560,
663 2289 827 2344 locutionem
870 2289 1078 2361 percurrendum
1091 2289 1206 2342 nobisin
1219 2307 1307 2340 amore
1316 2305 1375 2340 esso

319 2367 397 2420 istem
410 2369 575 2424 cominusim
587 2381 752 2422 construunt.
872 2372 994 2440 cogitem.
1019 2372 1129 2426 Βιιιιιιιιιι
1149 2370 1197 2422 riri
1218 2368 1291 2422 docti
1313 2367 1375 2420 elie·

358 2447 400 2500 23.
412 2448 466 2514 Sit,
478 2450 541 2516 erit,
551 2460 580 2500 ut
591 2449 694 2518 sepios.
703 2446 826 2500 -Esci-
870 2467 934 2504 num
949 2463 975 2502 et
990 2449 1086 2501 lelsum
1098 2445 1218 2500 versibus
1232 2446 1273 2498 hir
1289 2443 1375 2498 odfin·

320 2543 389 2596 pere.
406 2527 527 2580 Venendi
541 2529 679 2598 proprium
696 2524 825 2593 verbum,
868 2541 943 2598 gunt.
954 2527 1189 2605 -Fusaflumt'na
1204 2524 1324 2578 muscosis
1327 2526 1375 2596 ju·

320 2604 632 2674 dequoliurmennusod
640 2604 824 2656 Veler.Flscc.
867 2607 916 2678 qis.
936 2606 1064 2676 Repetere
1080 2605 1142 2656 setis
1161 2600 1242 2654 hebet
1257 2601 1375 2656 Kuitsosl

320 2683 372 2748 VI,
393 2684 454 2751 422.
471 2715 508 2728 -
524 2685 620 2740 Stricto
638 2683 756 2751 calamo,
777 2683 826 2736 de·
870 2686 1134 2754 interpretationem,
1147 2701 1227 2754 quem
1241 2681 1314 2736 dedit
1325 2684 1376 2735 Βο-

320 2777 425 2834 promta
449 2767 551 2836 sagitte.
576 2766 669 2818 Stricto
698 2779 826 2839 preterca
870 2758 1375 2834 roaldus::cogitandumfinquiuds

322 2859 401 2912 quarn
415 2861 442 2894 se
459 2856 531 2896 recte
547 2841 645 2908 hebet,
662 2862 696 2896 ns
710 2855 826 2896 mutare-
870 2843 934 2896 limo
947 2842 1023 2896 viridi
1033 2845 1061 2894 in
1073 2841 1212 2914 superficie
1227 2859 1302 2913 equis
1313 2859 1377 2892 eon·

321 2935 378 2986 tur,
400 2919 525 2972 librorum
544 2941 690 2976 consensus
710 2921 825 2974 vetabat.
871 2938 961 2988 creto,
978 2925 1014 2974 ita
1028 2935 1057 2973 ut
1072 2939 1141 2992 equs
1160 2934 1294 2991 tamquam
1308 2921 1375 2988 jugo

359 2999 400 3052 25.
422 2999 582 3064 Clitumnus,
598 2998 712 3052 Umbria
730 2999 826 3056 fluvius
871 3015 1013 3074 premetur.
1029 3024 1041 3048 ι
1064 3003 1122 3066 Τιι,
1146 3001 1231 3053 missis
1254 2999 1376 3069 ineptiis,

321 3077 400 3142 deus,
411 3080 456 3149 qni
466 3097 527 3130 cum
535 3078 719 3147 Tinis,mixtis
730 3078 764 3132 ad
774 3079 828 3132 Me-
863 3085 932 3156 jupa
950 3101 1000 3153 pro
1020 3079 1133 3134 collibus
1154 3079 1223 3131 dicte
1239 3097 1322 3149 cspe;
1341 3075 1375 3128 do

321 3159 426 3212 renium
443 3157 537 3210 urbem
555 3160 646 3230 equis,
665 3160 692 3210 in
710 3158 827 3213 Tiberim
872 3159 984 3216 collibus
997 3173 1085 3212 eutem
1096 3158 1150 3210 fusi
1163 3157 1247 3210 loures
1264 3155 1375 3209 descen·

323 3235 467 3290 deseendit.
486 3237 526 3290 De
545 3256 599 3307 quo
617 3239 692 3290 fonte
709 3249 827 3290 armentu
872 3238 947 3292 dunt.
963 3267 999 3280 -
1013 3237 1082 3307 Quin
1097 3254 1144 3310 eqo
1159 3237 1187 3287 ιἰι
1203 3235 1311 3287 adsidua
1323 3233 1376 3286 iin-

323 3335 380 3388 quae
392 3319 554 3390 potaverint,
565 3319 672 3371 traditio
682 3331 737 3371 eret
747 3319 827 3370 foetus
869 3335 938 3390 pua,
951 3317 979 3366 in
992 3312 1110 3366 adsiduis
1120 3312 1154 3364 de
1167 3325 1193 3364 te
1207 3310 1376 3365 sermonibus

323 3391 398 3448 albos
412 3393 499 3448 edero.
513 3395 578 3448 Vide
592 3397 705 3466 interpp.
721 3391 756 3445 sd
768 3394 827 3444 Vir·
872 3395 953 3456 meis,
974 3402 1019 3456 tua
1039 3403 1138 3444 mutem
1162 3391 1290 3456 nomina,
1311 3409 1375 3444 vero

321 3474 366 3546 gil.
379 3475 474 3546 Georss.
493 3479 532 3540 ll,
553 3475 610 3542 146.
628 3472 758 3528 Describit
773 3472 827 3525 Cli·
872 3473 1028 3524 nominituo
1039 3471 1196 3523 substituam
1207 3469 1314 3539 fictum,
1325 3489 1373 3536 ne,

322 3566 443 3605 turonum
457 3552 524 3606 alter
537 3555 651 3618 Plinius,
666 3554 742 3623 epist.
754 3550 826 3616 Vlll,
871 3553 893 3604 si
907 3553 964 3624 quis
974 3548 1067 3602 abesse
1078 3563 1104 3602 te
1118 3551 1237 3618 sciverit,
1248 3563 1324 3622 peret
1334 3551 1377 3602 in·

324 3629 349 3684 8.
370 3658 406 3669 ·-
422 3630 551 3684 Forrrrora.
573 3627 640 3682 Vide
658 3641 713 3679 not.
738 3625 772 3680 ud
793 3629 826 3694 l,
871 3630 1377 3686 cidiisamorsmnossmmtaedsrsstc·

324 3725 375 3776 ιο,
389 3709 432 3776 lt.
870 3710 950 3764 ruisse
963 3730 1012 3783 pro
1026 3729 1139 3772 nocere3
1153 3709 1186 3764 de
1202 3731 1256 3784 quo
1274 3709 1376 3764 dictum

360 3804 401 3856 ²7·
427 3787 529 3858 Quoties
557 3785 660 3859 aliquid
683 3787 827 3853 conabere,
870 3791 898 3855 1,
924 3807 970 3856 ro,
990 3807 1015 3842 ι.
1031 3819 1066 3834 ·-
1083 3789 1149 3842 Cum
1170 3792 1300 3861 Propertii
1316 3808 1375 3842 cer·

323 3885 397 3918 mens
407 3865 454 3918 tibi
465 3869 568 3939 quoties
579 3863 716 3920 inclinabit
726 3863 759 3916 ed
772 3881 827 3916 rus·
871 3869 943 3921 mine
956 3867 1007 3920 boe
1019 3867 1091 3920 conl.
1104 3870 1142 3921 lm
1154 3869 1243 3936 Brun,
1256 3855 1374 3942 Eldqies,

323 3943 386 3996 Ιιιιιι.
399 3945 493 4000 conas
503 3944 605 4017 aliquid
617 3941 755 3996 indefinito
768 3963 828 3996 sen·
871 3947 897 4014 1,
912 3963 938 4011 r,
950 3949 1060 4016 Brsrrsr,
1071 3947 1193 4014 Amours,
1199 3949 1245 4015 111,
1254 3946 1318 4020 6165.
1331 3963 1373 3998 ιι.
