<?xml version="1.0" encoding="UTF-8"?>
<!DOCTYPE html PUBLIC "-//W3C//DTD XHTML 1.0 Transitional//EN"
    "http://www.w3.org/TR/xhtml1/DTD/xhtml1-transitional.dtd">
<html xmlns="http://www.w3.org/1999/xhtml" xml:lang="en" lang="en">
 <head>
  <title>
</title>
<meta http-equiv="Content-Type" content="text/html;charset=utf-8" />
  <meta name='ocr-system' content='tesseract 3.04.00' />
  <meta name='ocr-capabilities' content='ocr_page ocr_carea ocr_par ocr_line ocrx_word'/>
</head>
<body>
  <div class='ocr_page' id='page_1' title='image "./sextiaureliipro00propgoog_0380.png"; bbox 0 0 3128 4760; ppageno 0'>
   <div class='ocr_carea' id='block_1_1' title="bbox 297 345 1055 414">
    <p class='ocr_par' dir='ltr' id='par_1_1' title="bbox 297 345 1055 414">
     <span class='ocr_line' id='line_1_1' title="bbox 297 345 1055 414; baseline 0.004 -4"><span class='ocrx_word' id='word_1_1' title='bbox 297 345 362 410; x_wconf 85' lang='grc'><strong>368</strong></span> <span class='ocrx_word' id='word_1_2' title='bbox 582 348 847 414; x_wconf 84' lang='lat' dir='ltr'><strong>PROPERTll</strong></span> <span class='ocrx_word' id='word_1_3' title='bbox 871 347 958 412; x_wconf 87' lang='lat' dir='ltr'>LIB.</span> <span class='ocrx_word' id='word_1_4' title='bbox 985 351 1055 414; x_wconf 90' lang='lat' dir='ltr'><strong>lll.</strong></span> 
     </span>
    </p>
   </div>
   <div class='ocr_carea' id='block_1_2' title="bbox 341 443 1342 787">
    <p class='ocr_par' dir='ltr' id='par_1_2' title="bbox 341 443 1342 787">
     <span class='ocr_line' id='line_1_2' title="bbox 388 443 1050 572; baseline 0 -34"><span class='ocrx_word' id='word_1_5' title='bbox 388 473 429 538; x_wconf 89' lang='lat' dir='ltr'><strong>Et</strong></span> <span class='ocrx_word' id='word_1_6' title='bbox 440 468 527 538; x_wconf 92' lang='lat' dir='ltr'><strong>duro</strong></span> <span class='ocrx_word' id='word_1_7' title='bbox 540 485 672 540; x_wconf 80' lang='lat' dir='ltr'><strong>teucros</strong></span> <span class='ocrx_word' id='word_1_8' title='bbox 684 443 808 540; x_wconf 79' lang='lat' dir='ltr'><strong>laedere</strong></span> <span class='ocrx_word' id='word_1_9' title='bbox 817 470 899 540; x_wconf 82' lang='lat' dir='ltr'><strong>fune</strong></span> <span class='ocrx_word' id='word_1_10' title='bbox 912 495 1050 572; x_wconf 71' lang='lat' dir='ltr'><strong>monus,</strong></span> 
     </span>
     <span class='ocr_line' id='line_1_3' title="bbox 341 579 1102 666; baseline 0 -16"><span class='ocrx_word' id='word_1_11' title='bbox 341 579 405 650; x_wconf 85' lang='lat' dir='ltr'><strong>Sed</strong></span> <span class='ocrx_word' id='word_1_12' title='bbox 415 579 534 648; x_wconf 87' lang='lat' dir='ltr'><strong>Cnidio</strong></span> <span class='ocrx_word' id='word_1_13' title='bbox 545 579 691 664; x_wconf 81' lang='lat' dir='ltr'><strong>calamo,</strong></span> <span class='ocrx_word' id='word_1_14' title='bbox 704 598 764 649; x_wconf 84' lang='lat' dir='ltr'><strong>aut</strong></span> <span class='ocrx_word' id='word_1_15' title='bbox 774 583 885 651; x_wconf 84' lang='lat' dir='ltr'><strong>Oricia</strong></span> <span class='ocrx_word' id='word_1_16' title='bbox 897 579 1102 666; x_wconf 84' lang='lat' dir='ltr'>terebintho,</span> 
     </span>
     <span class='ocr_line' id='line_1_4' title="bbox 387 689 1342 787; baseline 0.002 -27"><span class='ocrx_word' id='word_1_17' title='bbox 387 697 429 760; x_wconf 90' lang='lat' dir='ltr'><strong>Et</strong></span> <span class='ocrx_word' id='word_1_18' title='bbox 441 690 564 775; x_wconf 78' lang='lat' dir='ltr'><strong>fultum</strong></span> <span class='ocrx_word' id='word_1_19' title='bbox 575 689 693 785; x_wconf 84' lang='lat' dir='ltr'><strong>pluma</strong></span> <span class='ocrx_word' id='word_1_20' title='bbox 705 692 905 762; x_wconf 86' lang='lat' dir='ltr'><strong>versicolore</strong></span> <span class='ocrx_word' id='word_1_21' title='bbox 919 710 1034 787; x_wconf 82' lang='lat' dir='ltr'><strong>ceput.</strong></span> <span class='ocrx_word' id='word_1_22' title='bbox 1254 743 1268 774; x_wconf 85' lang='lat'><strong>,</strong></span> <span class='ocrx_word' id='word_1_23' title='bbox 1307 707 1342 762; x_wconf 81' lang='lat'><strong>50</strong></span> 
     </span>
    </p>
   </div>
   <div class='ocr_carea' id='block_1_3' title="bbox 290 853 1378 3062">
    <p class='ocr_par' dir='ltr' id='par_1_3' title="bbox 294 853 1378 2111">
     <span class='ocr_line' id='line_1_5' title="bbox 294 853 1343 930; baseline 0.005 -24"><span class='ocrx_word' id='word_1_24' title='bbox 294 874 340 922; x_wconf 92' lang='lat' dir='ltr'><strong>eo,</strong></span> <span class='ocrx_word' id='word_1_25' title='bbox 359 853 434 927; x_wconf 89' lang='lat' dir='ltr'><strong>quod</strong></span> <span class='ocrx_word' id='word_1_26' title='bbox 452 855 540 927; x_wconf 83' lang='lat' dir='ltr'><strong>inepte</strong></span> <span class='ocrx_word' id='word_1_27' title='bbox 560 867 660 908; x_wconf 83' lang='lat' dir='ltr'><strong>veteres</strong></span> <span class='ocrx_word' id='word_1_28' title='bbox 681 857 800 928; x_wconf 86' lang='lat' dir='ltr'><strong>impressi</strong></span> <span class='ocrx_word' id='word_1_29' title='bbox 843 859 935 930; x_wconf 88' lang='lat' dir='ltr'><strong>primis</strong></span> <span class='ocrx_word' id='word_1_30' title='bbox 948 856 1090 911; x_wconf 89' lang='lat' dir='ltr'><strong>editoribus</strong></span> <span class='ocrx_word' id='word_1_31' title='bbox 1102 857 1138 908; x_wconf 80' lang='lat' dir='ltr'><strong>its</strong></span> <span class='ocrx_word' id='word_1_32' title='bbox 1157 856 1343 911; x_wconf 68' lang='lat' dir='ltr'><strong>transicmus</strong></span> 
     </span>
     <span class='ocr_line' id='line_1_6' title="bbox 296 932 1344 1008; baseline 0.007 -24"><span class='ocrx_word' id='word_1_33' title='bbox 296 932 411 1001; x_wconf 81' lang='lat' dir='ltr'><strong>hebent,</strong></span> <span class='ocrx_word' id='word_1_34' title='bbox 424 945 479 986; x_wconf 85' lang='lat' dir='ltr'><strong>turn</strong></span> <span class='ocrx_word' id='word_1_35' title='bbox 489 935 572 988; x_wconf 87' lang='lat' dir='ltr'><strong>nostri</strong></span> <span class='ocrx_word' id='word_1_36' title='bbox 582 935 656 1008; x_wconf 65' lang='lat' dir='ltr'><strong>Regii</strong></span> <span class='ocrx_word' id='word_1_37' title='bbox 665 933 798 1002; x_wconf 81' lang='lat' dir='ltr'><strong>duo,lllon</strong></span> <span class='ocrx_word' id='word_1_38' title='bbox 843 949 910 990; x_wconf 88' lang='lat' dir='ltr'><strong>sunt.</strong></span> <span class='ocrx_word' id='word_1_39' title='bbox 921 935 992 990; x_wconf 77' lang='lat' dir='ltr'><strong>libri</strong></span> <span class='ocrx_word' id='word_1_40' title='bbox 1001 939 1071 990; x_wconf 86' lang='lat' dir='ltr'><strong>enirn</strong></span> <span class='ocrx_word' id='word_1_41' title='bbox 1081 936 1201 989; x_wconf 85' lang='lat' dir='ltr'><strong>meliores</strong></span> <span class='ocrx_word' id='word_1_42' title='bbox 1210 935 1263 988; x_wconf 94' lang='lat' dir='ltr'><strong>hoc</strong></span> <span class='ocrx_word' id='word_1_43' title='bbox 1272 937 1344 991; x_wconf 91' lang='lat' dir='ltr'><strong>disti-</strong></span> 
     </span>
     <span class='ocr_line' id='line_1_7' title="bbox 295 1011 1342 1089; baseline 0.003 -23"><span class='ocrx_word' id='word_1_44' title='bbox 295 1011 358 1066; x_wconf 82' lang='lat' dir='ltr'><strong>tuh&#39;t</strong></span> <span class='ocrx_word' id='word_1_45' title='bbox 377 1013 420 1066; x_wconf 84' lang='lat' dir='ltr'><strong>hic</strong></span> <span class='ocrx_word' id='word_1_46' title='bbox 436 1013 537 1074; x_wconf 56' lang='lat' dir='ltr'><strong>roso·</strong></span> <span class='ocrx_word' id='word_1_47' title='bbox 551 1014 654 1086; x_wconf 82' lang='lat' dir='ltr'><strong>inepte,</strong></span> <span class='ocrx_word' id='word_1_48' title='bbox 674 1016 798 1087; x_wconf 80' lang='lat' dir='ltr'><strong>inquom,</strong></span> <span class='ocrx_word' id='word_1_49' title='bbox 843 1016 912 1069; x_wconf 88' lang='lat' dir='ltr'><strong>chou</strong></span> <span class='ocrx_word' id='word_1_50' title='bbox 932 1017 968 1070; x_wconf 83' lang='lat' dir='ltr'><strong>its</strong></span> <span class='ocrx_word' id='word_1_51' title='bbox 985 1017 1041 1070; x_wconf 82' lang='lat' dir='ltr'><strong>fere</strong></span> <span class='ocrx_word' id='word_1_52' title='bbox 1057 1016 1185 1089; x_wconf 84' lang='lat' dir='ltr'><strong>scripturn</strong></span> <span class='ocrx_word' id='word_1_53' title='bbox 1201 1014 1342 1069; x_wconf 79' lang='lat' dir='ltr'>exhibent:</span> 
     </span>
     <span class='ocr_line' id='line_1_8' title="bbox 295 1091 1345 1164; baseline 0.005 -20"><span class='ocrx_word' id='word_1_54' title='bbox 295 1094 348 1146; x_wconf 81' lang='lat' dir='ltr'><strong>sire</strong></span> <span class='ocrx_word' id='word_1_55' title='bbox 356 1095 453 1164; x_wconf 71' lang='lat' dir='ltr'><strong>junges</strong></span> <span class='ocrx_word' id='word_1_56' title='bbox 465 1091 507 1144; x_wconf 89' lang='lat' dir='ltr'><strong>hic</strong></span> <span class='ocrx_word' id='word_1_57' title='bbox 515 1093 618 1160; x_wconf 79' lang='lat' dir='ltr'><strong>Poetsu,</strong></span> <span class='ocrx_word' id='word_1_58' title='bbox 632 1094 685 1146; x_wconf 81' lang='lat' dir='ltr'><strong>sive</strong></span> <span class='ocrx_word' id='word_1_59' title='bbox 699 1092 742 1144; x_wconf 81' lang='lat' dir='ltr'><strong>hic</strong></span> <span class='ocrx_word' id='word_1_60' title='bbox 753 1091 797 1162; x_wconf 92' lang='lat' dir='ltr'><strong>(in</strong></span> <span class='ocrx_word' id='word_1_61' title='bbox 845 1120 856 1145; x_wconf 81' lang='grc' dir='ltr'>ι</span> <span class='ocrx_word' id='word_1_62' title='bbox 866 1096 918 1150; x_wconf 86' lang='lat' dir='ltr'><strong>Sed</strong></span> <span class='ocrx_word' id='word_1_63' title='bbox 928 1096 992 1150; x_wconf 79' lang='lat' dir='ltr'><strong>Chio</strong></span> <span class='ocrx_word' id='word_1_64' title='bbox 1001 1097 1120 1162; x_wconf 79' lang='lat' dir='ltr'><strong>calamo,</strong></span> <span class='ocrx_word' id='word_1_65' title='bbox 1130 1109 1174 1148; x_wconf 85' lang='lat' dir='ltr'><strong>cut</strong></span> <span class='ocrx_word' id='word_1_66' title='bbox 1188 1096 1274 1148; x_wconf 83' lang='lat' dir='ltr'><strong>Oricia</strong></span> <span class='ocrx_word' id='word_1_67' title='bbox 1284 1107 1345 1149; x_wconf 79' lang='lat' dir='ltr'><strong>tere·</strong></span> 
     </span>
     <span class='ocr_line' id='line_1_9' title="bbox 295 1171 1344 1248; baseline -0.005 -25"><span class='ocrx_word' id='word_1_68' title='bbox 295 1172 380 1243; x_wconf 78' lang='lat' dir='ltr'><strong>terre)</strong></span> <span class='ocrx_word' id='word_1_69' title='bbox 394 1173 483 1224; x_wconf 79' lang='lat' dir='ltr'><strong>Portus</strong></span> <span class='ocrx_word' id='word_1_70' title='bbox 499 1189 553 1224; x_wconf 83' lang='lat' dir='ltr'><strong>non</strong></span> <span class='ocrx_word' id='word_1_71' title='bbox 570 1171 640 1224; x_wconf 82' lang='lat' dir='ltr'><strong>tulit.</strong></span> <span class='ocrx_word' id='word_1_72' title='bbox 659 1171 798 1224; x_wconf 83' lang='lat' dir='ltr'><strong>Bronhhu·</strong></span> <span class='ocrx_word' id='word_1_73' title='bbox 844 1176 950 1243; x_wconf 71' lang='lat' dir='ltr'><strong>hincho,</strong></span> <span class='ocrx_word' id='word_1_74' title='bbox 963 1177 998 1230; x_wconf 74' lang='lat' dir='ltr'><strong>Es</strong></span> <span class='ocrx_word' id='word_1_75' title='bbox 1007 1173 1213 1248; x_wconf 62' lang='lat' dir='ltr'><strong>fulrum&#39;pluma</strong></span> <span class='ocrx_word' id='word_1_76' title='bbox 1225 1178 1344 1228; x_wconf 61' lang='lat' dir='ltr'><strong>mico.</strong></span> 
     </span>
     <span class='ocr_line' id='line_1_10' title="bbox 294 1250 1344 1328; baseline 0.003 -25"><span class='ocrx_word' id='word_1_77' title='bbox 294 1252 347 1303; x_wconf 86' lang='lat' dir='ltr'><strong>sins</strong></span> <span class='ocrx_word' id='word_1_78' title='bbox 360 1251 652 1324; x_wconf 80' lang='lat' dir='ltr'><strong>Burmannusquecurn</strong></span> <span class='ocrx_word' id='word_1_79' title='bbox 666 1250 798 1322; x_wconf 75' lang='lat' dir='ltr'><strong>Scaligero</strong></span> <span class='ocrx_word' id='word_1_80' title='bbox 842 1251 898 1306; x_wconf 82' lang='lat' dir='ltr'><strong>loro</strong></span> <span class='ocrx_word' id='word_1_81' title='bbox 922 1266 1037 1327; x_wconf 76' lang='lat' dir='ltr'><strong>caput.»</strong></span> <span class='ocrx_word' id='word_1_82' title='bbox 1067 1255 1096 1306; x_wconf 93' lang='lat' dir='ltr'><strong>ln</strong></span> <span class='ocrx_word' id='word_1_83' title='bbox 1118 1253 1213 1326; x_wconf 84' lang='lat' dir='ltr'><strong>quibus</strong></span> <span class='ocrx_word' id='word_1_84' title='bbox 1238 1253 1344 1328; x_wconf 79' lang='lat' dir='ltr'><strong>quidem</strong></span> 
     </span>
     <span class='ocr_line' id='line_1_11' title="bbox 294 1329 1344 1406; baseline 0.004 -23"><span class='ocrx_word' id='word_1_85' title='bbox 294 1329 436 1398; x_wconf 81' lang='lat' dir='ltr'><strong>dederant,</strong></span> <span class='ocrx_word' id='word_1_86' title='bbox 448 1333 560 1404; x_wconf 89' lang='lat' dir='ltr'><strong>quinon</strong></span> <span class='ocrx_word' id='word_1_87' title='bbox 573 1331 607 1384; x_wconf 85' lang='lat' dir='ltr'><strong>ud</strong></span> <span class='ocrx_word' id='word_1_88' title='bbox 622 1333 735 1400; x_wconf 79' lang='lat' dir='ltr'><strong>Pictum,</strong></span> <span class='ocrx_word' id='word_1_89' title='bbox 751 1331 798 1386; x_wconf 88' lang='lat' dir='ltr'><strong>sed</strong></span> <span class='ocrx_word' id='word_1_90' title='bbox 841 1347 936 1406; x_wconf 74' lang='lat' dir='ltr'><strong>preter</strong></span> <span class='ocrx_word' id='word_1_91' title='bbox 956 1331 1113 1386; x_wconf 81' lang='lat' dir='ltr'><strong>vocabulum</strong></span> <span class='ocrx_word' id='word_1_92' title='bbox 1136 1331 1201 1386; x_wconf 75' lang='lat' dir='ltr'><strong>ctio</strong></span> <span class='ocrx_word' id='word_1_93' title='bbox 1219 1330 1286 1386; x_wconf 90' lang='lat' dir='ltr'><strong>nihil</strong></span> <span class='ocrx_word' id='word_1_94' title='bbox 1304 1347 1344 1387; x_wconf 84' lang='lat' dir='ltr'><strong>cst</strong></span> 
     </span>
     <span class='ocr_line' id='line_1_12' title="bbox 295 1407 1343 1485; baseline 0.005 -23"><span class='ocrx_word' id='word_1_95' title='bbox 295 1411 410 1480; x_wconf 72' lang='lat' dir='ltr'><strong>trajectis</strong></span> <span class='ocrx_word' id='word_1_96' title='bbox 421 1409 539 1462; x_wconf 82' lang='lat' dir='ltr'><strong>versibus</strong></span> <span class='ocrx_word' id='word_1_97' title='bbox 552 1407 586 1460; x_wconf 80' lang='lat' dir='ltr'><strong>ud</strong></span> <span class='ocrx_word' id='word_1_98' title='bbox 600 1409 720 1483; x_wconf 75' lang='lat' dir='ltr'>Ulyssem</span> <span class='ocrx_word' id='word_1_99' title='bbox 730 1411 797 1462; x_wconf 80' lang='lat' dir='ltr'><strong>refe·</strong></span> <span class='ocrx_word' id='word_1_100' title='bbox 842 1412 916 1485; x_wconf 90' lang='lat' dir='ltr'><strong>quod</strong></span> <span class='ocrx_word' id='word_1_101' title='bbox 934 1427 1065 1468; x_wconf 88' lang='lat' dir='ltr'><strong>mutemus</strong></span> <span class='ocrx_word' id='word_1_102' title='bbox 1084 1436 1090 1464; x_wconf 91' lang='lat'>:</span> <span class='ocrx_word' id='word_1_103' title='bbox 1113 1413 1198 1466; x_wconf 69' lang='lat' dir='ltr'><strong>allon</strong></span> <span class='ocrx_word' id='word_1_104' title='bbox 1215 1413 1274 1466; x_wconf 87' lang='lat' dir='ltr'><strong>tulit</strong></span> <span class='ocrx_word' id='word_1_105' title='bbox 1288 1411 1343 1467; x_wconf 65' lang='lat' dir='ltr'><strong>hcc</strong></span> 
     </span>
     <span class='ocr_line' id='line_1_13' title="bbox 294 1485 1343 1565; baseline 0.004 -25"><span class='ocrx_word' id='word_1_106' title='bbox 294 1488 387 1542; x_wconf 75' lang='lat' dir='ltr'><strong>rebat:</strong></span> <span class='ocrx_word' id='word_1_107' title='bbox 402 1511 414 1534; x_wconf 79' lang='grc' dir='ltr'>ι</span> <span class='ocrx_word' id='word_1_108' title='bbox 424 1487 486 1540; x_wconf 85' lang='lat' dir='ltr'><strong>Non</strong></span> <span class='ocrx_word' id='word_1_109' title='bbox 496 1485 557 1539; x_wconf 88' lang='lat' dir='ltr'><strong>tulit</strong></span> <span class='ocrx_word' id='word_1_110' title='bbox 567 1487 627 1540; x_wconf 83' lang='lat' dir='ltr'><strong>huic</strong></span> <span class='ocrx_word' id='word_1_111' title='bbox 636 1499 726 1560; x_wconf 83' lang='lat' dir='ltr'><strong>pectus</strong></span> <span class='ocrx_word' id='word_1_112' title='bbox 737 1490 798 1552; x_wconf 77' lang='lat' dir='ltr'><strong>stoi·</strong></span> <span class='ocrx_word' id='word_1_113' title='bbox 842 1493 936 1557; x_wconf 74' lang='lat' dir='ltr'><strong>Pctus,</strong></span> <span class='ocrx_word' id='word_1_114' title='bbox 950 1490 1090 1544; x_wconf 84' lang='lat' dir='ltr'><strong>stridorem</strong></span> <span class='ocrx_word' id='word_1_115' title='bbox 1103 1489 1193 1544; x_wconf 84' lang='lat' dir='ltr'><strong>sudirc</strong></span> <span class='ocrx_word' id='word_1_116' title='bbox 1207 1489 1343 1565; x_wconf 73' lang='lat' dir='ltr'><strong>procelle,</strong></span> 
     </span>
     <span class='ocr_line' id='line_1_14' title="bbox 294 1563 1344 1638; baseline 0.004 -18"><span class='ocrx_word' id='word_1_117' title='bbox 294 1567 386 1620; x_wconf 85' lang='lat' dir='ltr'><strong>dorem</strong></span> <span class='ocrx_word' id='word_1_118' title='bbox 396 1563 627 1638; x_wconf 80' lang='lat' dir='ltr'><strong>sudircprocellts.</strong></span> <span class='ocrx_word' id='word_1_119' title='bbox 638 1588 650 1613; x_wconf 75' lang='lat' dir='ltr'><strong>s</strong></span> <span class='ocrx_word' id='word_1_120' title='bbox 661 1567 691 1618; x_wconf 91' lang='lat' dir='ltr'><strong>ln</strong></span> <span class='ocrx_word' id='word_1_121' title='bbox 702 1565 797 1638; x_wconf 86' lang='lat' dir='ltr'><strong>quibus</strong></span> <span class='ocrx_word' id='word_1_122' title='bbox 841 1571 874 1624; x_wconf 85' lang='lat' dir='ltr'><strong>Et</strong></span> <span class='ocrx_word' id='word_1_123' title='bbox 894 1569 962 1623; x_wconf 88' lang='lat' dir='ltr'><strong>duro</strong></span> <span class='ocrx_word' id='word_1_124' title='bbox 981 1583 1084 1624; x_wconf 67' lang='lat' dir='ltr'><strong>noeros</strong></span> <span class='ocrx_word' id='word_1_125' title='bbox 1099 1569 1193 1624; x_wconf 77' lang='lat' dir='ltr'><strong>ledere</strong></span> <span class='ocrx_word' id='word_1_126' title='bbox 1207 1573 1272 1624; x_wconf 79' lang='lat' dir='ltr'><strong>inno</strong></span> <span class='ocrx_word' id='word_1_127' title='bbox 1288 1590 1344 1624; x_wconf 83' lang='lat' dir='ltr'><strong>ms-</strong></span> 
     </span>
     <span class='ocr_line' id='line_1_15' title="bbox 294 1645 1344 1720; baseline 0.003 -21"><span class='ocrx_word' id='word_1_128' title='bbox 294 1646 414 1720; x_wconf 78' lang='lat' dir='ltr'><strong>quidem,</strong></span> <span class='ocrx_word' id='word_1_129' title='bbox 426 1645 497 1698; x_wconf 87' lang='lat' dir='ltr'><strong>utde</strong></span> <span class='ocrx_word' id='word_1_130' title='bbox 507 1646 718 1698; x_wconf 77' lang='lat' dir='ltr'><strong>caeteristscoum</strong></span> <span class='ocrx_word' id='word_1_131' title='bbox 727 1683 736 1710; x_wconf 92' lang='lat'><strong>,</strong></span> <span class='ocrx_word' id='word_1_132' title='bbox 746 1646 798 1698; x_wconf 82' lang='lat' dir='ltr'><strong>rul-</strong></span> <span class='ocrx_word' id='word_1_133' title='bbox 841 1667 908 1716; x_wconf 90' lang='lat' dir='ltr'><strong>nus,</strong></span> <span class='ocrx_word' id='word_1_134' title='bbox 922 1647 974 1703; x_wconf 86' lang='lat' dir='ltr'><strong>Sed</strong></span> <span class='ocrx_word' id='word_1_135' title='bbox 991 1649 1082 1704; x_wconf 81' lang='lat' dir='ltr'><strong>Cnidio</strong></span> <span class='ocrx_word' id='word_1_136' title='bbox 1101 1648 1204 1701; x_wconf 82' lang='lat' dir='ltr'><strong>cslsuto</strong></span> <span class='ocrx_word' id='word_1_137' title='bbox 1220 1661 1267 1702; x_wconf 89' lang='lat' dir='ltr'><strong>unt</strong></span> <span class='ocrx_word' id='word_1_138' title='bbox 1281 1649 1344 1702; x_wconf 90' lang='lat' dir='ltr'><strong>Ori-</strong></span> 
     </span>
     <span class='ocr_line' id='line_1_16' title="bbox 294 1722 1344 1797; baseline 0.003 -20"><span class='ocrx_word' id='word_1_139' title='bbox 294 1725 328 1779; x_wconf 87' lang='lat' dir='ltr'><strong>dc</strong></span> <span class='ocrx_word' id='word_1_140' title='bbox 339 1723 407 1777; x_wconf 88' lang='lat' dir='ltr'><strong>illud</strong></span> <span class='ocrx_word' id='word_1_141' title='bbox 419 1741 477 1778; x_wconf 82' lang='lat' dir='ltr'><strong>csse</strong></span> <span class='ocrx_word' id='word_1_142' title='bbox 485 1722 596 1776; x_wconf 84' lang='lat' dir='ltr'><strong>dubium</strong></span> <span class='ocrx_word' id='word_1_143' title='bbox 612 1725 710 1790; x_wconf 90' lang='lat' dir='ltr'><strong>sentis,</strong></span> <span class='ocrx_word' id='word_1_144' title='bbox 725 1723 797 1797; x_wconf 90' lang='lat' dir='ltr'><strong>qnod</strong></span> <span class='ocrx_word' id='word_1_145' title='bbox 842 1728 882 1780; x_wconf 85' lang='lat' dir='ltr'><strong>cis</strong></span> <span class='ocrx_word' id='word_1_146' title='bbox 901 1724 1063 1793; x_wconf 79' lang='lat' dir='ltr'>terebintho,</span> <span class='ocrx_word' id='word_1_147' title='bbox 1085 1729 1118 1780; x_wconf 85' lang='lat' dir='ltr'><strong>Et</strong></span> <span class='ocrx_word' id='word_1_148' title='bbox 1138 1726 1230 1778; x_wconf 74' lang='lat' dir='ltr'><strong>fultum</strong></span> <span class='ocrx_word' id='word_1_149' title='bbox 1253 1725 1344 1797; x_wconf 80' lang='lat' dir='ltr'><strong>plotus</strong></span> 
     </span>
     <span class='ocr_line' id='line_1_17' title="bbox 295 1801 1343 1876; baseline 0.001 -21"><span class='ocrx_word' id='word_1_150' title='bbox 295 1802 417 1856; x_wconf 74' lang='lat' dir='ltr'><strong>observat</strong></span> <span class='ocrx_word' id='word_1_151' title='bbox 432 1801 630 1868; x_wconf 73' lang='lat' dir='ltr'><strong>Lachmannus,</strong></span> <span class='ocrx_word' id='word_1_152' title='bbox 644 1819 692 1866; x_wconf 79' lang='lat' dir='ltr'><strong>un,</strong></span> <span class='ocrx_word' id='word_1_153' title='bbox 703 1819 797 1872; x_wconf 79' lang='lat' dir='ltr'><strong>quem·</strong></span> <span class='ocrx_word' id='word_1_154' title='bbox 840 1803 1000 1858; x_wconf 75' lang='lat' dir='ltr'><strong>versicolore</strong></span> <span class='ocrx_word' id='word_1_155' title='bbox 1019 1818 1132 1876; x_wconf 81' lang='lat' dir='ltr'><strong>cspnt.=</strong></span> <span class='ocrx_word' id='word_1_156' title='bbox 1160 1807 1218 1858; x_wconf 84' lang='lat' dir='ltr'><strong>Hoc</strong></span> <span class='ocrx_word' id='word_1_157' title='bbox 1239 1803 1343 1873; x_wconf 81' lang='lat' dir='ltr'><strong>solum,</strong></span> 
     </span>
     <span class='ocr_line' id='line_1_18' title="bbox 296 1877 1378 1957; baseline -0.004 -21"><span class='ocrx_word' id='word_1_158' title='bbox 296 1880 436 1936; x_wconf 80' lang='lat' dir='ltr'><strong>admodum</strong></span> <span class='ocrx_word' id='word_1_159' title='bbox 463 1880 579 1954; x_wconf 79' lang='lat' dir='ltr'><strong>aliquem</strong></span> <span class='ocrx_word' id='word_1_160' title='bbox 601 1877 704 1954; x_wconf 82' lang='lat' dir='ltr'><strong>aliquid</strong></span> <span class='ocrx_word' id='word_1_161' title='bbox 723 1879 797 1951; x_wconf 78' lang='lat' dir='ltr'><strong>ferre</strong></span> <span class='ocrx_word' id='word_1_162' title='bbox 840 1883 1021 1957; x_wconf 83' lang='lat' dir='ltr'><strong>inquit,ferre</strong></span> <span class='ocrx_word' id='word_1_163' title='bbox 1029 1884 1344 1954; x_wconf 69' lang='lat' dir='ltr'><strong>Pctuspotsrot,uthi·</strong></span> <span class='ocrx_word' id='word_1_164' title='bbox 1374 1923 1378 1932; x_wconf 92' lang='lat'>.</span> 
     </span>
     <span class='ocr_line' id='line_1_19' title="bbox 295 1959 1344 2034; baseline 0.001 -19"><span class='ocrx_word' id='word_1_165' title='bbox 295 1961 420 2028; x_wconf 78' lang='lat' dir='ltr'><strong>dicimus,</strong></span> <span class='ocrx_word' id='word_1_166' title='bbox 434 1960 475 2014; x_wconf 81' lang='lat' dir='ltr'><strong>vel</strong></span> <span class='ocrx_word' id='word_1_167' title='bbox 485 1959 569 2013; x_wconf 80' lang='lat' dir='ltr'><strong>alicui</strong></span> <span class='ocrx_word' id='word_1_168' title='bbox 576 1971 667 2033; x_wconf 82' lang='lat' dir='ltr'><strong>pectus</strong></span> <span class='ocrx_word' id='word_1_169' title='bbox 678 1979 744 2028; x_wconf 83' lang='lat' dir='ltr'><strong>csse,</strong></span> <span class='ocrx_word' id='word_1_170' title='bbox 759 1961 797 2012; x_wconf 84' lang='lat' dir='ltr'><strong>its</strong></span> <span class='ocrx_word' id='word_1_171' title='bbox 841 1961 885 2014; x_wconf 88' lang='lat' dir='ltr'><strong>dio</strong></span> <span class='ocrx_word' id='word_1_172' title='bbox 902 1961 1006 2016; x_wconf 80' lang='lat' dir='ltr'><strong>colunto</strong></span> <span class='ocrx_word' id='word_1_173' title='bbox 1020 1977 1066 2016; x_wconf 80' lang='lat' dir='ltr'><strong>ant</strong></span> <span class='ocrx_word' id='word_1_174' title='bbox 1079 1961 1242 2034; x_wconf 77' lang='lat' dir='ltr'><strong>supellectile</strong></span> <span class='ocrx_word' id='word_1_175' title='bbox 1256 1983 1288 2017; x_wconf 84' lang='lat' dir='ltr'><strong>cx</strong></span> <span class='ocrx_word' id='word_1_176' title='bbox 1302 1975 1344 2016; x_wconf 88' lang='lat' dir='ltr'><strong>ts-</strong></span> 
     </span>
     <span class='ocr_line' id='line_1_20' title="bbox 296 2038 1343 2111; baseline 0.001 -17"><span class='ocrx_word' id='word_1_177' title='bbox 296 2038 636 2111; x_wconf 75' lang='lat' dir='ltr'><strong>etiernolt&#39;cus&#39;pcctusfene</strong></span> <span class='ocrx_word' id='word_1_178' title='bbox 645 2039 795 2111; x_wconf 86' lang='lat' dir='ltr'><strong>dicipossit.</strong></span> <span class='ocrx_word' id='word_1_179' title='bbox 841 2041 966 2094; x_wconf 82' lang='lat' dir='ltr'><strong>robintho</strong></span> <span class='ocrx_word' id='word_1_180' title='bbox 980 2043 1051 2094; x_wconf 78' lang='lat' dir='ltr'><strong>fecta</strong></span> <span class='ocrx_word' id='word_1_181' title='bbox 1069 2060 1162 2096; x_wconf 79' lang='lat' dir='ltr'><strong>nisnns</strong></span> <span class='ocrx_word' id='word_1_182' title='bbox 1178 2041 1301 2109; x_wconf 78' lang='lat' dir='ltr'><strong>lederet,</strong></span> <span class='ocrx_word' id='word_1_183' title='bbox 1318 2055 1343 2095; x_wconf 88' lang='lat' dir='ltr'><strong>ct</strong></span> 
     </span>
    </p>

    <p class='ocr_par' dir='ltr' id='par_1_4' title="bbox 290 2117 1345 3062">
     <span class='ocr_line' id='line_1_21' title="bbox 331 2117 1344 2193; baseline -0.001 -21"><span class='ocrx_word' id='word_1_184' title='bbox 331 2121 374 2188; x_wconf 75' lang='grc'><strong>49.</strong></span> <span class='ocrx_word' id='word_1_185' title='bbox 399 2117 451 2172; x_wconf 84' lang='lat' dir='ltr'><strong>Sed</strong></span> <span class='ocrx_word' id='word_1_186' title='bbox 478 2117 571 2170; x_wconf 78' lang='lat' dir='ltr'><strong>Cnidio</strong></span> <span class='ocrx_word' id='word_1_187' title='bbox 596 2117 718 2182; x_wconf 83' lang='lat' dir='ltr'><strong>colunto,</strong></span> <span class='ocrx_word' id='word_1_188' title='bbox 744 2129 794 2170; x_wconf 84' lang='lat' dir='ltr'><strong>cto.</strong></span> <span class='ocrx_word' id='word_1_189' title='bbox 842 2133 922 2192; x_wconf 81' lang='lat' dir='ltr'><strong>ceput</strong></span> <span class='ocrx_word' id='word_1_190' title='bbox 930 2119 1050 2191; x_wconf 86' lang='lat' dir='ltr'><strong>pulvillo,</strong></span> <span class='ocrx_word' id='word_1_191' title='bbox 1063 2121 1090 2174; x_wconf 91' lang='lat' dir='ltr'><strong>in</strong></span> <span class='ocrx_word' id='word_1_192' title='bbox 1103 2139 1156 2193; x_wconf 89' lang='lat' dir='ltr'><strong>qno</strong></span> <span class='ocrx_word' id='word_1_193' title='bbox 1168 2119 1344 2188; x_wconf 82' lang='lat' dir='ltr'><strong>hiltumerut,</strong></span> 
     </span>
     <span class='ocr_line' id='line_1_22' title="bbox 295 2195 1344 2255; baseline 0.003 -5"><span class='ocrx_word' id='word_1_194' title='bbox 295 2195 475 2250; x_wconf 84' lang='lat' dir='ltr'><strong>Broulrhusius</strong></span> <span class='ocrx_word' id='word_1_195' title='bbox 497 2210 524 2250; x_wconf 88' lang='lat' dir='ltr'><strong>et</strong></span> <span class='ocrx_word' id='word_1_196' title='bbox 550 2197 715 2250; x_wconf 70' lang='lat' dir='ltr'>Burmannus</span> <span class='ocrx_word' id='word_1_197' title='bbox 740 2199 795 2250; x_wconf 81' lang='lat' dir='ltr'><strong>its:</strong></span> <span class='ocrx_word' id='word_1_198' title='bbox 841 2200 1007 2254; x_wconf 74' lang='lat' dir='ltr'><strong>versicolore.</strong></span> <span class='ocrx_word' id='word_1_199' title='bbox 1020 2203 1060 2254; x_wconf 87' lang='lat' dir='ltr'><strong>De</strong></span> <span class='ocrx_word' id='word_1_200' title='bbox 1073 2200 1175 2255; x_wconf 83' lang='lat' dir='ltr'><strong>cslsmo</strong></span> <span class='ocrx_word' id='word_1_201' title='bbox 1186 2201 1280 2254; x_wconf 87' lang='lat' dir='ltr'><strong>Cnidio</strong></span> <span class='ocrx_word' id='word_1_202' title='bbox 1292 2201 1344 2253; x_wconf 81' lang='lat' dir='ltr'><strong>l&#39;li-</strong></span> 
     </span>
     <span class='ocr_line' id='line_1_23' title="bbox 298 2273 1344 2349; baseline 0.009 -24"><span class='ocrx_word' id='word_1_203' title='bbox 298 2275 370 2331; x_wconf 61' lang='lat' dir='ltr'><strong>used</strong></span> <span class='ocrx_word' id='word_1_204' title='bbox 386 2277 466 2349; x_wconf 71' lang='lat' dir='ltr'><strong>thyio</strong></span> <span class='ocrx_word' id='word_1_205' title='bbox 484 2273 620 2343; x_wconf 79' lang='lat' dir='ltr'><strong>thalamo,</strong></span> <span class='ocrx_word' id='word_1_206' title='bbox 641 2289 687 2330; x_wconf 78' lang='lat' dir='ltr'><strong>sut</strong></span> <span class='ocrx_word' id='word_1_207' title='bbox 705 2278 798 2330; x_wconf 77' lang='lat' dir='ltr'><strong>ortctae</strong></span> <span class='ocrx_word' id='word_1_208' title='bbox 842 2283 910 2346; x_wconf 89' lang='lat' dir='ltr'><strong>nius,</strong></span> <span class='ocrx_word' id='word_1_209' title='bbox 919 2281 984 2332; x_wconf 79' lang='lat' dir='ltr'><strong>liist</strong></span> <span class='ocrx_word' id='word_1_210' title='bbox 994 2281 1054 2332; x_wconf 81' lang='lat' dir='ltr'><strong>Nat.</strong></span> <span class='ocrx_word' id='word_1_211' title='bbox 1064 2281 1136 2348; x_wconf 80' lang='lat' dir='ltr'><strong>xvi,</strong></span> <span class='ocrx_word' id='word_1_212' title='bbox 1147 2280 1199 2332; x_wconf 75' lang='lat'><strong>36:</strong></span> <span class='ocrx_word' id='word_1_213' title='bbox 1214 2279 1344 2334; x_wconf 75' lang='lat' dir='ltr'><strong>«chartis-</strong></span> 
     </span>
     <span class='ocr_line' id='line_1_24' title="bbox 296 2354 1344 2432; baseline 0.002 -22"><span class='ocrx_word' id='word_1_214' title='bbox 296 2355 432 2410; x_wconf 84' lang='lat' dir='ltr'><strong>tcrebr&#39;nthi</strong></span> <span class='ocrx_word' id='word_1_215' title='bbox 449 2355 558 2428; x_wconf 79' lang='lat' dir='ltr'><strong>Effulto</strong></span> <span class='ocrx_word' id='word_1_216' title='bbox 573 2354 664 2427; x_wconf 78' lang='lat' dir='ltr'><strong>plume</strong></span> <span class='ocrx_word' id='word_1_217' title='bbox 681 2359 797 2408; x_wconf 82' lang='lat' dir='ltr'><strong>versico·</strong></span> <span class='ocrx_word' id='word_1_218' title='bbox 843 2377 894 2432; x_wconf 84' lang='lat' dir='ltr'><strong>que</strong></span> <span class='ocrx_word' id='word_1_219' title='bbox 906 2359 1024 2411; x_wconf 83' lang='lat' dir='ltr'><strong>serviunt</strong></span> <span class='ocrx_word' id='word_1_220' title='bbox 1039 2358 1149 2424; x_wconf 80' lang='lat' dir='ltr'><strong>columi,</strong></span> <span class='ocrx_word' id='word_1_221' title='bbox 1164 2359 1279 2432; x_wconf 63' lang='lat' dir='ltr'><strong>Aegyptii</strong></span> <span class='ocrx_word' id='word_1_222' title='bbox 1288 2377 1344 2412; x_wconf 84' lang='lat' dir='ltr'><strong>ms-</strong></span> 
     </span>
     <span class='ocr_line' id='line_1_25' title="bbox 295 2435 1343 2510; baseline 0 -22"><span class='ocrx_word' id='word_1_223' title='bbox 295 2436 350 2489; x_wconf 82' lang='lat' dir='ltr'><strong>lors</strong></span> <span class='ocrx_word' id='word_1_224' title='bbox 381 2443 498 2507; x_wconf 45' lang='lat' dir='ltr'><strong>captus.»</strong></span> <span class='ocrx_word' id='word_1_225' title='bbox 525 2435 565 2488; x_wconf 88' lang='lat' dir='ltr'><strong>Do</strong></span> <span class='ocrx_word' id='word_1_226' title='bbox 592 2453 644 2507; x_wconf 84' lang='lat' dir='ltr'><strong>qua</strong></span> <span class='ocrx_word' id='word_1_227' title='bbox 669 2437 797 2506; x_wconf 81' lang='lat' dir='ltr'><strong>scripturn</strong></span> <span class='ocrx_word' id='word_1_228' title='bbox 842 2437 924 2503; x_wconf 78' lang='lat' dir='ltr'><strong>xime,</strong></span> <span class='ocrx_word' id='word_1_229' title='bbox 939 2437 1098 2507; x_wconf 75' lang='lat' dir='ltr'><strong>cognatione</strong></span> <span class='ocrx_word' id='word_1_230' title='bbox 1114 2436 1227 2508; x_wconf 80' lang='lat' dir='ltr'><strong>quadum</strong></span> <span class='ocrx_word' id='word_1_231' title='bbox 1241 2439 1343 2510; x_wconf 73' lang='lat' dir='ltr'><strong>papyri.</strong></span> 
     </span>
     <span class='ocr_line' id='line_1_26' title="bbox 295 2512 1343 2589; baseline 0.002 -22"><span class='ocrx_word' id='word_1_232' title='bbox 295 2515 492 2567; x_wconf 68' lang='lat' dir='ltr'><strong>lachmannutn</strong></span> <span class='ocrx_word' id='word_1_233' title='bbox 515 2513 694 2583; x_wconf 75' lang='lat' dir='ltr'><strong>disputantem</strong></span> <span class='ocrx_word' id='word_1_234' title='bbox 717 2512 795 2564; x_wconf 84' lang='lat' dir='ltr'><strong>sudi:</strong></span> <span class='ocrx_word' id='word_1_235' title='bbox 842 2514 1302 2589; x_wconf 81' lang='lat' dir='ltr'><strong>ProbstioreststnenGnidii‚ctqui</strong></span> <span class='ocrx_word' id='word_1_236' title='bbox 1315 2518 1343 2569; x_wconf 88' lang='lat' dir='ltr'><strong>in</strong></span> 
     </span>
     <span class='ocr_line' id='line_1_27' title="bbox 295 2587 1344 2656; baseline 0.003 -11"><span class='ocrx_word' id='word_1_237' title='bbox 295 2595 392 2646; x_wconf 82' lang='lat' dir='ltr'><strong>Omnis</strong></span> <span class='ocrx_word' id='word_1_238' title='bbox 400 2591 492 2644; x_wconf 78' lang='lat' dir='ltr'><strong>labant</strong></span> <span class='ocrx_word' id='word_1_239' title='bbox 504 2593 532 2642; x_wconf 90' lang='lat' dir='ltr'><strong>in</strong></span> <span class='ocrx_word' id='word_1_240' title='bbox 541 2589 581 2642; x_wconf 87' lang='lat' dir='ltr'><strong>his</strong></span> <span class='ocrx_word' id='word_1_241' title='bbox 593 2587 739 2656; x_wconf 80' lang='lat' dir='ltr'><strong>versiculis,</strong></span> <span class='ocrx_word' id='word_1_242' title='bbox 753 2604 797 2656; x_wconf 90' lang='lat' dir='ltr'><strong>ut,</strong></span> <span class='ocrx_word' id='word_1_243' title='bbox 840 2593 1344 2648; x_wconf 70' lang='lat' dir='ltr'><strong>Asiccircshnsiticunilscuntnsscnn·</strong></span> 
     </span>
     <span class='ocr_line' id='line_1_28' title="bbox 296 2669 1345 2742; baseline 0.001 -16"><span class='ocrx_word' id='word_1_244' title='bbox 296 2673 342 2726; x_wconf 90' lang='lat' dir='ltr'><strong>ubi</strong></span> <span class='ocrx_word' id='word_1_245' title='bbox 354 2671 503 2726; x_wconf 78' lang='lat' dir='ltr'><strong>machinam</strong></span> <span class='ocrx_word' id='word_1_246' title='bbox 515 2669 654 2722; x_wconf 80' lang='lat' dir='ltr'><strong>admovere</strong></span> <span class='ocrx_word' id='word_1_247' title='bbox 668 2670 796 2742; x_wconf 72' lang='lat' dir='ltr'><strong>incipias,</strong></span> <span class='ocrx_word' id='word_1_248' title='bbox 842 2672 1036 2726; x_wconf 74' lang='lat' dir='ltr'><strong>tur.·Cnidicm</strong></span> <span class='ocrx_word' id='word_1_249' title='bbox 1046 2673 1232 2726; x_wconf 78' lang='lat' dir='ltr'><strong>amndinsmct</strong></span> <span class='ocrx_word' id='word_1_250' title='bbox 1240 2673 1345 2727; x_wconf 74' lang='lat' dir='ltr'><strong>Cnidios</strong></span> 
     </span>
     <span class='ocr_line' id='line_1_29' title="bbox 296 2749 1344 2824; baseline 0.001 -21"><span class='ocrx_word' id='word_1_251' title='bbox 296 2770 370 2824; x_wconf 71' lang='lat' dir='ltr'><strong>pene</strong></span> <span class='ocrx_word' id='word_1_252' title='bbox 380 2751 491 2804; x_wconf 82' lang='lat' dir='ltr'><strong>nescies.</strong></span> <span class='ocrx_word' id='word_1_253' title='bbox 507 2751 623 2800; x_wconf 84' lang='lat' dir='ltr'><strong>Primum</strong></span> <span class='ocrx_word' id='word_1_254' title='bbox 634 2761 722 2801; x_wconf 83' lang='lat' dir='ltr'><strong>ternen</strong></span> <span class='ocrx_word' id='word_1_255' title='bbox 734 2765 798 2801; x_wconf 91' lang='lat' dir='ltr'><strong>con·</strong></span> <span class='ocrx_word' id='word_1_256' title='bbox 841 2750 922 2803; x_wconf 78' lang='lat' dir='ltr'><strong>nodos</strong></span> <span class='ocrx_word' id='word_1_257' title='bbox 930 2749 1022 2804; x_wconf 85' lang='lat' dir='ltr'><strong>itidem</strong></span> <span class='ocrx_word' id='word_1_258' title='bbox 1039 2749 1072 2802; x_wconf 87' lang='lat' dir='ltr'><strong>dc</strong></span> <span class='ocrx_word' id='word_1_259' title='bbox 1083 2749 1186 2804; x_wconf 76' lang='lat' dir='ltr'><strong>calerno</strong></span> <span class='ocrx_word' id='word_1_260' title='bbox 1203 2753 1344 2824; x_wconf 86' lang='lat' dir='ltr'><strong>scriptorio</strong></span> 
     </span>
     <span class='ocr_line' id='line_1_30' title="bbox 296 2825 1342 2902; baseline -0.001 -18"><span class='ocrx_word' id='word_1_261' title='bbox 296 2831 467 2884; x_wconf 79' lang='lat' dir='ltr'><strong>structionem</strong></span> <span class='ocrx_word' id='word_1_262' title='bbox 482 2825 604 2880; x_wconf 77' lang='lat' dir='ltr'><strong>laborare</strong></span> <span class='ocrx_word' id='word_1_263' title='bbox 618 2826 732 2889; x_wconf 79' lang='lat' dir='ltr'><strong>videbis3</strong></span> <span class='ocrx_word' id='word_1_264' title='bbox 746 2827 798 2898; x_wconf 74' lang='lat' dir='ltr'><strong>Ef-</strong></span> <span class='ocrx_word' id='word_1_265' title='bbox 839 2831 988 2896; x_wconf 78' lang='lat' dir='ltr'><strong>Ausonius,</strong></span> <span class='ocrx_word' id='word_1_266' title='bbox 1003 2831 1079 2902; x_wconf 84' lang='lat' dir='ltr'><strong>epist.</strong></span> <span class='ocrx_word' id='word_1_267' title='bbox 1092 2830 1155 2890; x_wconf 88' lang='lat' dir='ltr'><strong>Vll,</strong></span> <span class='ocrx_word' id='word_1_268' title='bbox 1174 2831 1225 2901; x_wconf 79' lang='grc'><strong>49,</strong></span> <span class='ocrx_word' id='word_1_269' title='bbox 1239 2833 1283 2898; x_wconf 88' lang='lat' dir='ltr'><strong>lV,</strong></span> <span class='ocrx_word' id='word_1_270' title='bbox 1300 2830 1342 2901; x_wconf 81' lang='lat'><strong>75.</strong></span> 
     </span>
     <span class='ocr_line' id='line_1_31' title="bbox 290 2903 1344 2983; baseline 0.005 -26"><span class='ocrx_word' id='word_1_271' title='bbox 290 2909 367 2983; x_wconf 76' lang='lat' dir='ltr'><strong>fulto</strong></span> <span class='ocrx_word' id='word_1_272' title='bbox 381 2921 486 2972; x_wconf 79' lang='lat' dir='ltr'><strong>sutem,</strong></span> <span class='ocrx_word' id='word_1_273' title='bbox 502 2903 574 2978; x_wconf 88' lang='lat' dir='ltr'><strong>quod</strong></span> <span class='ocrx_word' id='word_1_274' title='bbox 588 2905 713 2976; x_wconf 68' lang='lat' dir='ltr'><strong>Scaligeri</strong></span> <span class='ocrx_word' id='word_1_275' title='bbox 723 2924 798 2958; x_wconf 84' lang='lat' dir='ltr'><strong>com·</strong></span> <span class='ocrx_word' id='word_1_276' title='bbox 841 2912 966 2963; x_wconf 84' lang='lat' dir='ltr'><strong>——Recte</strong></span> <span class='ocrx_word' id='word_1_277' title='bbox 981 2931 988 2960; x_wconf 78' lang='lat' dir='ltr'><strong>r</strong></span> <span class='ocrx_word' id='word_1_278' title='bbox 1008 2911 1087 2962; x_wconf 78' lang='lat' dir='ltr'><strong>«Hoc</strong></span> <span class='ocrx_word' id='word_1_279' title='bbox 1102 2909 1187 2962; x_wconf 70' lang='lat' dir='ltr'><strong>Pctus</strong></span> <span class='ocrx_word' id='word_1_280' title='bbox 1201 2927 1256 2962; x_wconf 90' lang='lat' dir='ltr'><strong>non</strong></span> <span class='ocrx_word' id='word_1_281' title='bbox 1269 2909 1344 2976; x_wconf 87' lang='lat' dir='ltr'><strong>tulit,</strong></span> 
     </span>
     <span class='ocr_line' id='line_1_32' title="bbox 296 2984 1345 3062; baseline 0 -19"><span class='ocrx_word' id='word_1_282' title='bbox 296 2984 801 3057; x_wconf 55' lang='lat' dir='ltr'><strong>ruentumechinus,quocumjunttttbttq</strong></span> <span class='ocrx_word' id='word_1_283' title='bbox 838 2994 951 3062; x_wconf 66' lang='lat' dir='ltr'><strong>jnnficro</strong></span> <span class='ocrx_word' id='word_1_284' title='bbox 970 2989 1045 3045; x_wconf 83' lang='lat' dir='ltr'><strong>duris</strong></span> <span class='ocrx_word' id='word_1_285' title='bbox 1062 2989 1218 3044; x_wconf 84' lang='lat' dir='ltr'><strong>rudentibus</strong></span> <span class='ocrx_word' id='word_1_286' title='bbox 1233 3009 1345 3059; x_wconf 78' lang='lat' dir='ltr'><strong>manus,</strong></span> 
     </span>
    </p>
   </div>
   <div class='ocr_carea' id='block_1_4' title="bbox 296 3063 1344 3195">
    <p class='ocr_par' dir='ltr' id='par_1_5' title="bbox 296 3063 1344 3195">
     <span class='ocr_line' id='line_1_33' title="bbox 296 3063 1344 3195; baseline 0.004 -75"><span class='ocrx_word' id='word_1_287' title='bbox 296 3081 390 3136; x_wconf 59' lang='lat' dir='ltr'><strong>tunes</strong></span> <span class='ocrx_word' id='word_1_288' title='bbox 401 3067 539 3138; x_wconf 86' lang='lat' dir='ltr'><strong>superiore</strong></span> <span class='ocrx_word' id='word_1_289' title='bbox 550 3063 663 3118; x_wconf 90' lang='lat' dir='ltr'><strong>disticho</strong></span> <span class='ocrx_word' id='word_1_290' title='bbox 677 3064 796 3133; x_wconf 77' lang='lat' dir='ltr'><strong>subluto,</strong></span> <span class='ocrx_word' id='word_1_291' title='bbox 841 3089 908 3195; x_wconf 56' lang='lat' dir='ltr'><strong>guas</strong></span> <span class='ocrx_word' id='word_1_292' title='bbox 923 3069 1016 3124; x_wconf 73' lang='lat' dir='ltr'><strong>melius</strong></span> <span class='ocrx_word' id='word_1_293' title='bbox 1030 3070 1089 3123; x_wconf 84' lang='lat' dir='ltr'><strong>tulit</strong></span> <span class='ocrx_word' id='word_1_294' title='bbox 1103 3069 1214 3140; x_wconf 88' lang='lat' dir='ltr'><strong>(melius</strong></span> <span class='ocrx_word' id='word_1_295' title='bbox 1225 3072 1344 3144; x_wconf 77' lang='lat' dir='ltr'><strong>ferebat)</strong></span> 
     </span>
    </p>
   </div>
   <div class='ocr_carea' id='block_1_5' title="bbox 295 3141 1345 4088">
    <p class='ocr_par' dir='ltr' id='par_1_6' title="bbox 295 3141 1345 4088">
     <span class='ocr_line' id='line_1_34' title="bbox 296 3141 1345 3220; baseline -0.004 -22"><span class='ocrx_word' id='word_1_296' title='bbox 296 3163 405 3220; x_wconf 88' lang='lat' dir='ltr'><strong>prorsus</strong></span> <span class='ocrx_word' id='word_1_297' title='bbox 417 3143 521 3198; x_wconf 79' lang='lat' dir='ltr'><strong>cadere.</strong></span> <span class='ocrx_word' id='word_1_298' title='bbox 535 3145 604 3196; x_wconf 84' lang='lat' dir='ltr'><strong>Tum</strong></span> <span class='ocrx_word' id='word_1_299' title='bbox 617 3155 676 3195; x_wconf 87' lang='lat' dir='ltr'><strong>toro</strong></span> <span class='ocrx_word' id='word_1_300' title='bbox 691 3143 796 3216; x_wconf 86' lang='lat' dir='ltr'><strong>quidem</strong></span> <span class='ocrx_word' id='word_1_301' title='bbox 864 3141 941 3196; x_wconf 91' lang='lat' dir='ltr'><strong>nidiis</strong></span> <span class='ocrx_word' id='word_1_302' title='bbox 959 3141 1067 3194; x_wconf 79' lang='lat' dir='ltr'><strong>colentis</strong></span> <span class='ocrx_word' id='word_1_303' title='bbox 1092 3153 1138 3194; x_wconf 81' lang='lat' dir='ltr'><strong>snt</strong></span> <span class='ocrx_word' id='word_1_304' title='bbox 1157 3143 1249 3195; x_wconf 81' lang='lat' dir='ltr'><strong>Oricia</strong></span> <span class='ocrx_word' id='word_1_305' title='bbox 1272 3155 1345 3194; x_wconf 85' lang='lat' dir='ltr'><strong>terc-</strong></span> 
     </span>
     <span class='ocr_line' id='line_1_35' title="bbox 295 3218 1344 3296; baseline -0.006 -18"><span class='ocrx_word' id='word_1_306' title='bbox 295 3225 385 3278; x_wconf 79' lang='lat' dir='ltr'><strong>fnlciri</strong></span> <span class='ocrx_word' id='word_1_307' title='bbox 393 3221 798 3296; x_wconf 75' lang='lat' dir='ltr'><strong>ccpntscirnusrthslsmoqno·</strong></span> <span class='ocrx_word' id='word_1_308' title='bbox 841 3219 935 3274; x_wconf 91' lang='lat' dir='ltr'><strong>bintho</strong></span> <span class='ocrx_word' id='word_1_309' title='bbox 956 3219 1087 3273; x_wconf 72' lang='lat' dir='ltr'><strong>ledere.»</strong></span> <span class='ocrx_word' id='word_1_310' title='bbox 1109 3218 1251 3292; x_wconf 76' lang='lat' dir='ltr'><strong>subjiciunt</strong></span> <span class='ocrx_word' id='word_1_311' title='bbox 1272 3238 1344 3272; x_wconf 90' lang='lat' dir='ltr'><strong>nunc</strong></span> 
     </span>
     <span class='ocr_line' id='line_1_36' title="bbox 297 3297 1344 3374; baseline -0.004 -18"><span class='ocrx_word' id='word_1_312' title='bbox 297 3303 376 3356; x_wconf 86' lang='lat' dir='ltr'><strong>modo</strong></span> <span class='ocrx_word' id='word_1_313' title='bbox 399 3303 544 3368; x_wconf 78' lang='lat' dir='ltr'><strong>fulcietur,</strong></span> <span class='ocrx_word' id='word_1_314' title='bbox 566 3301 624 3374; x_wconf 89' lang='lat' dir='ltr'><strong>quis</strong></span> <span class='ocrx_word' id='word_1_315' title='bbox 651 3301 798 3373; x_wconf 71' lang='lat' dir='ltr'><strong>intelliget?</strong></span> <span class='ocrx_word' id='word_1_316' title='bbox 841 3299 940 3352; x_wconf 80' lang='lat' dir='ltr'><strong>Burthii</strong></span> <span class='ocrx_word' id='word_1_317' title='bbox 956 3300 1102 3370; x_wconf 73' lang='lat' dir='ltr'><strong>ingenium,</strong></span> <span class='ocrx_word' id='word_1_318' title='bbox 1117 3311 1147 3350; x_wconf 90' lang='lat' dir='ltr'><strong>ut</strong></span> <span class='ocrx_word' id='word_1_319' title='bbox 1162 3297 1261 3370; x_wconf 80' lang='lat' dir='ltr'><strong>aliquid</strong></span> <span class='ocrx_word' id='word_1_320' title='bbox 1277 3300 1344 3353; x_wconf 87' lang='lat' dir='ltr'><strong>risos</strong></span> 
     </span>
     <span class='ocr_line' id='line_1_37' title="bbox 297 3375 1342 3454; baseline -0.004 -20"><span class='ocrx_word' id='word_1_321' title='bbox 297 3383 364 3450; x_wconf 89' lang='lat' dir='ltr'><strong>Quis</strong></span> <span class='ocrx_word' id='word_1_322' title='bbox 377 3399 458 3454; x_wconf 89' lang='lat' dir='ltr'><strong>porro</strong></span> <span class='ocrx_word' id='word_1_323' title='bbox 473 3380 603 3433; x_wconf 77' lang='lat' dir='ltr'><strong>thalamos</strong></span> <span class='ocrx_word' id='word_1_324' title='bbox 621 3399 652 3433; x_wconf 83' lang='lat' dir='ltr'><strong>cx</strong></span> <span class='ocrx_word' id='word_1_325' title='bbox 666 3377 737 3453; x_wconf 74' lang='lat' dir='ltr'><strong>thyio</strong></span> <span class='ocrx_word' id='word_1_326' title='bbox 750 3378 799 3450; x_wconf 92' lang='lat' dir='ltr'><strong>(li-</strong></span> <span class='ocrx_word' id='word_1_327' title='bbox 842 3378 981 3450; x_wconf 75' lang='lat' dir='ltr'><strong>obrumpat</strong></span> <span class='ocrx_word' id='word_1_328' title='bbox 990 3379 1158 3449; x_wconf 65' lang='lat' dir='ltr'><strong>naufragium</strong></span> <span class='ocrx_word' id='word_1_329' title='bbox 1166 3375 1342 3450; x_wconf 71' lang='lat' dir='ltr'><strong>etluorpniusr</strong></span> 
     </span>
     <span class='ocr_line' id='line_1_38' title="bbox 297 3454 1344 3535; baseline -0.003 -21"><span class='ocrx_word' id='word_1_330' title='bbox 297 3481 378 3535; x_wconf 74' lang='lat' dir='ltr'><strong>gnum</strong></span> <span class='ocrx_word' id='word_1_331' title='bbox 393 3463 540 3534; x_wconf 86' lang='lat' dir='ltr'><strong>pretiosum</strong></span> <span class='ocrx_word' id='word_1_332' title='bbox 555 3472 607 3527; x_wconf 89' lang='lat' dir='ltr'><strong>est,</strong></span> <span class='ocrx_word' id='word_1_333' title='bbox 626 3459 659 3512; x_wconf 86' lang='lat' dir='ltr'><strong>de</strong></span> <span class='ocrx_word' id='word_1_334' title='bbox 673 3479 726 3533; x_wconf 82' lang='lat' dir='ltr'><strong>quo</strong></span> <span class='ocrx_word' id='word_1_335' title='bbox 739 3459 799 3514; x_wconf 78' lang='lat' dir='ltr'><strong>ride</strong></span> <span class='ocrx_word' id='word_1_336' title='bbox 844 3457 927 3510; x_wconf 70' lang='lat' dir='ltr'><strong>silon</strong></span> <span class='ocrx_word' id='word_1_337' title='bbox 945 3457 1006 3510; x_wconf 85' lang='lat' dir='ltr'><strong>tulit</strong></span> <span class='ocrx_word' id='word_1_338' title='bbox 1028 3457 1072 3510; x_wconf 87' lang='lat' dir='ltr'><strong>hic</strong></span> <span class='ocrx_word' id='word_1_339' title='bbox 1094 3461 1178 3510; x_wconf 72' lang='lat' dir='ltr'><strong>Pctus</strong></span> <span class='ocrx_word' id='word_1_340' title='bbox 1201 3454 1344 3511; x_wconf 85' lang='lat' dir='ltr'><strong>stridorem</strong></span> 
     </span>
     <span class='ocr_line' id='line_1_39' title="bbox 296 3534 1343 3609; baseline -0.006 -13"><span class='ocrx_word' id='word_1_341' title='bbox 296 3542 363 3596; x_wconf 87' lang='lat' dir='ltr'><strong>Plio.</strong></span> <span class='ocrx_word' id='word_1_342' title='bbox 378 3541 443 3594; x_wconf 80' lang='lat' dir='ltr'><strong>illst.</strong></span> <span class='ocrx_word' id='word_1_343' title='bbox 458 3541 520 3592; x_wconf 81' lang='lat' dir='ltr'><strong>Not.</strong></span> <span class='ocrx_word' id='word_1_344' title='bbox 532 3541 606 3606; x_wconf 87' lang='lat' dir='ltr'><strong>XllI,</strong></span> <span class='ocrx_word' id='word_1_345' title='bbox 623 3537 741 3609; x_wconf 84' lang='lat'>15-16)</span> <span class='ocrx_word' id='word_1_346' title='bbox 752 3552 798 3591; x_wconf 85' lang='lat' dir='ltr'><strong>sut</strong></span> <span class='ocrx_word' id='word_1_347' title='bbox 842 3537 933 3590; x_wconf 81' lang='lat' dir='ltr'><strong>andire</strong></span> <span class='ocrx_word' id='word_1_348' title='bbox 946 3535 1087 3608; x_wconf 75' lang='lat' dir='ltr'><strong>procelle,</strong></span> <span class='ocrx_word' id='word_1_349' title='bbox 1103 3535 1138 3588; x_wconf 85' lang='lat' dir='ltr'><strong>Et</strong></span> <span class='ocrx_word' id='word_1_350' title='bbox 1155 3534 1223 3588; x_wconf 88' lang='lat' dir='ltr'><strong>duro</strong></span> <span class='ocrx_word' id='word_1_351' title='bbox 1237 3549 1343 3590; x_wconf 80' lang='lat' dir='ltr'><strong>teneros</strong></span> 
     </span>
     <span class='ocr_line' id='line_1_40' title="bbox 297 3612 1344 3689; baseline -0.007 -14"><span class='ocrx_word' id='word_1_352' title='bbox 297 3619 447 3675; x_wconf 81' lang='lat' dir='ltr'><strong>terebintho</strong></span> <span class='ocrx_word' id='word_1_353' title='bbox 459 3619 602 3672; x_wconf 80' lang='lat' dir='ltr'><strong>isltricctos</strong></span> <span class='ocrx_word' id='word_1_354' title='bbox 615 3636 740 3689; x_wconf 80' lang='lat' dir='ltr'><strong>umquem</strong></span> <span class='ocrx_word' id='word_1_355' title='bbox 756 3620 798 3670; x_wconf 89' lang='lat' dir='ltr'><strong>in·</strong></span> <span class='ocrx_word' id='word_1_356' title='bbox 842 3615 937 3670; x_wconf 80' lang='lat' dir='ltr'><strong>ledere</strong></span> <span class='ocrx_word' id='word_1_357' title='bbox 948 3615 1011 3668; x_wconf 82' lang='lat' dir='ltr'><strong>fune</strong></span> <span class='ocrx_word' id='word_1_358' title='bbox 1020 3633 1123 3668; x_wconf 78' lang='lat' dir='ltr'><strong>munus.</strong></span> <span class='ocrx_word' id='word_1_359' title='bbox 1135 3613 1187 3668; x_wconf 82' lang='lat' dir='ltr'><strong>Sed</strong></span> <span class='ocrx_word' id='word_1_360' title='bbox 1198 3612 1274 3688; x_wconf 67' lang='lat' dir='ltr'><strong>thyio</strong></span> <span class='ocrx_word' id='word_1_361' title='bbox 1285 3614 1344 3668; x_wconf 81' lang='lat' dir='ltr'><strong>the·</strong></span> 
     </span>
     <span class='ocr_line' id='line_1_41' title="bbox 297 3691 1345 3771; baseline -0.008 -17"><span class='ocrx_word' id='word_1_362' title='bbox 297 3699 490 3754; x_wconf 79' lang='lat' dir='ltr'><strong>audivitiNcm</strong></span> <span class='ocrx_word' id='word_1_363' title='bbox 505 3697 578 3771; x_wconf 85' lang='lat' dir='ltr'><strong>qnod</strong></span> <span class='ocrx_word' id='word_1_364' title='bbox 588 3695 735 3749; x_wconf 78' lang='lat' dir='ltr'><strong>thalamum</strong></span> <span class='ocrx_word' id='word_1_365' title='bbox 747 3717 797 3770; x_wconf 86' lang='lat' dir='ltr'><strong>pro</strong></span> <span class='ocrx_word' id='word_1_366' title='bbox 841 3693 929 3764; x_wconf 72' lang='lat' dir='ltr'><strong>leuno,</strong></span> <span class='ocrx_word' id='word_1_367' title='bbox 941 3708 986 3747; x_wconf 82' lang='lat' dir='ltr'><strong>sut</strong></span> <span class='ocrx_word' id='word_1_368' title='bbox 1000 3695 1094 3748; x_wconf 82' lang='lat' dir='ltr'><strong>Oricite</strong></span> <span class='ocrx_word' id='word_1_369' title='bbox 1101 3691 1245 3746; x_wconf 86' lang='lat' dir='ltr'><strong>terebinthi</strong></span> <span class='ocrx_word' id='word_1_370' title='bbox 1254 3693 1345 3766; x_wconf 71' lang='lat' dir='ltr'><strong>Efficl·</strong></span> 
     </span>
     <span class='ocr_line' id='line_1_42' title="bbox 297 3773 1341 3847; baseline -0.008 -19"><span class='ocrx_word' id='word_1_371' title='bbox 297 3777 366 3830; x_wconf 86' lang='lat' dir='ltr'><strong>lecto</strong></span> <span class='ocrx_word' id='word_1_372' title='bbox 378 3776 431 3830; x_wconf 90' lang='lat' dir='ltr'><strong>dici</strong></span> <span class='ocrx_word' id='word_1_373' title='bbox 446 3774 556 3841; x_wconf 84' lang='lat' dir='ltr'><strong>volunt,</strong></span> <span class='ocrx_word' id='word_1_374' title='bbox 573 3793 671 3826; x_wconf 84' lang='lat' dir='ltr'><strong>novum</strong></span> <span class='ocrx_word' id='word_1_375' title='bbox 690 3786 735 3827; x_wconf 80' lang='lat' dir='ltr'><strong>est</strong></span> <span class='ocrx_word' id='word_1_376' title='bbox 751 3776 798 3826; x_wconf 92' lang='lat' dir='ltr'><strong>Vi·</strong></span> <span class='ocrx_word' id='word_1_377' title='bbox 842 3786 896 3828; x_wconf 84' lang='lat' dir='ltr'><strong>turn</strong></span> <span class='ocrx_word' id='word_1_378' title='bbox 924 3775 1016 3847; x_wconf 74' lang='lat' dir='ltr'><strong>plume</strong></span> <span class='ocrx_word' id='word_1_379' title='bbox 1041 3773 1198 3827; x_wconf 77' lang='lat' dir='ltr'><strong>versicolore</strong></span> <span class='ocrx_word' id='word_1_380' title='bbox 1222 3785 1313 3844; x_wconf 78' lang='lat' dir='ltr'><strong>ceput.</strong></span> <span class='ocrx_word' id='word_1_381' title='bbox 1329 3797 1341 3820; x_wconf 77' lang='grc' dir='ltr'>ι</span> 
     </span>
     <span class='ocr_line' id='line_1_43' title="bbox 296 3848 1343 3929; baseline -0.008 -19"><span class='ocrx_word' id='word_1_382' title='bbox 296 3857 344 3910; x_wconf 85' lang='lat' dir='ltr'><strong>des</strong></span> <span class='ocrx_word' id='word_1_383' title='bbox 351 3859 407 3929; x_wconf 84' lang='lat' dir='ltr'><strong>jum</strong></span> <span class='ocrx_word' id='word_1_384' title='bbox 419 3859 468 3910; x_wconf 85' lang='lat' dir='ltr'><strong>ista</strong></span> <span class='ocrx_word' id='word_1_385' title='bbox 479 3854 553 3908; x_wconf 89' lang='lat' dir='ltr'><strong>nihili</strong></span> <span class='ocrx_word' id='word_1_386' title='bbox 565 3848 637 3922; x_wconf 73' lang='lat' dir='ltr'><strong>else,</strong></span> <span class='ocrx_word' id='word_1_387' title='bbox 650 3853 729 3926; x_wconf 83' lang='lat' dir='ltr'><strong>thyioe</strong></span> <span class='ocrx_word' id='word_1_388' title='bbox 739 3855 798 3907; x_wconf 84' lang='lat' dir='ltr'><strong>tho-</strong></span> <span class='ocrx_word' id='word_1_389' title='bbox 841 3855 910 3906; x_wconf 86' lang='lat' dir='ltr'><strong>Ecce</strong></span> <span class='ocrx_word' id='word_1_390' title='bbox 922 3871 1004 3926; x_wconf 91' lang='lat' dir='ltr'><strong>porro</strong></span> <span class='ocrx_word' id='word_1_391' title='bbox 1017 3853 1168 3922; x_wconf 75' lang='lat' dir='ltr'><strong>ing&#39;cniuru:</strong></span> <span class='ocrx_word' id='word_1_392' title='bbox 1183 3874 1194 3899; x_wconf 82' lang='grc' dir='ltr'>ι</span> <span class='ocrx_word' id='word_1_393' title='bbox 1204 3851 1343 3924; x_wconf 73' lang='lat' dir='ltr'><strong>Effultum</strong></span> 
     </span>
     <span class='ocr_line' id='line_1_44' title="bbox 298 3927 1343 4006; baseline -0.008 -19"><span class='ocrx_word' id='word_1_394' title='bbox 298 3935 369 3992; x_wconf 77' lang='lat' dir='ltr'><strong>lamo</strong></span> <span class='ocrx_word' id='word_1_395' title='bbox 381 3945 428 3990; x_wconf 83' lang='lat' dir='ltr'><strong>aut</strong></span> <span class='ocrx_word' id='word_1_396' title='bbox 439 3936 529 3989; x_wconf 80' lang='lat' dir='ltr'><strong>Oricite</strong></span> <span class='ocrx_word' id='word_1_397' title='bbox 541 3933 693 4002; x_wconf 72' lang='lat' dir='ltr'><strong>terebinthi,</strong></span> <span class='ocrx_word' id='word_1_398' title='bbox 704 3951 760 4006; x_wconf 79' lang='lat' dir='ltr'><strong>que</strong></span> <span class='ocrx_word' id='word_1_399' title='bbox 771 3947 797 3988; x_wconf 89' lang='lat' dir='ltr'><strong>ct</strong></span> <span class='ocrx_word' id='word_1_400' title='bbox 841 3944 935 4006; x_wconf 64' lang='lat' dir='ltr'><strong>reputt</strong></span> <span class='ocrx_word' id='word_1_401' title='bbox 950 3950 1000 4004; x_wconf 70' lang='lat' dir='ltr'><strong>ego</strong></span> <span class='ocrx_word' id='word_1_402' title='bbox 1015 3929 1128 4003; x_wconf 88' lang='lat' dir='ltr'><strong>suppleo</strong></span> <span class='ocrx_word' id='word_1_403' title='bbox 1136 3930 1211 4002; x_wconf 75' lang='lat' dir='ltr'><strong>ficit.-</strong></span> <span class='ocrx_word' id='word_1_404' title='bbox 1225 3932 1262 3984; x_wconf 83' lang='lat' dir='ltr'><strong>its</strong></span> <span class='ocrx_word' id='word_1_405' title='bbox 1278 3927 1343 3982; x_wconf 91' lang='lat' dir='ltr'><strong>nihil</strong></span> 
     </span>
     <span class='ocr_line' id='line_1_45' title="bbox 297 4007 1342 4088; baseline -0.011 -18"><span class='ocrx_word' id='word_1_406' title='bbox 297 4019 354 4088; x_wconf 86' lang='lat' dir='ltr'><strong>ipss</strong></span> <span class='ocrx_word' id='word_1_407' title='bbox 369 4035 384 4068; x_wconf 87' lang='lat' dir='ltr'><strong>n</strong></span> <span class='ocrx_word' id='word_1_408' title='bbox 399 4015 530 4084; x_wconf 73' lang='lat' dir='ltr'><strong>Scoligero</strong></span> <span class='ocrx_word' id='word_1_409' title='bbox 542 4017 654 4087; x_wconf 79' lang='lat' dir='ltr'><strong>partios,</strong></span> <span class='ocrx_word' id='word_1_410' title='bbox 665 4015 796 4086; x_wconf 77' lang='lat' dir='ltr'><strong>&#39;pectinis</strong></span> <span class='ocrx_word' id='word_1_411' title='bbox 842 4011 933 4064; x_wconf 86' lang='lat' dir='ltr'><strong>deerit.</strong></span> <span class='ocrx_word' id='word_1_412' title='bbox 952 4013 996 4064; x_wconf 76' lang='lat' dir='ltr'><strong>list</strong></span> <span class='ocrx_word' id='word_1_413' title='bbox 1017 4010 1115 4082; x_wconf 82' lang='lat' dir='ltr'><strong>ellipsis</strong></span> <span class='ocrx_word' id='word_1_414' title='bbox 1133 4009 1215 4083; x_wconf 81' lang='lat' dir='ltr'><strong>poulo</strong></span> <span class='ocrx_word' id='word_1_415' title='bbox 1235 4007 1342 4072; x_wconf 89' lang='lat' dir='ltr'><strong>durior,</strong></span> 
     </span>
    </p>
   </div>
   <div class='ocr_carea' id='block_1_6' title="bbox 0 0 1571 4760">
    <p class='ocr_par' dir='ltr' id='par_1_7' title="bbox 0 0 1571 4760">
     <span class='ocr_line' id='line_1_46' title="bbox 0 0 1571 4760; baseline 0 0"><span class='ocrx_word' id='word_1_416' title='bbox 0 0 1571 4760; x_wconf 95' lang='lat' dir='ltr'><strong> </strong></span> 
     </span>
    </p>
   </div>
  </div>
 </body>
</html>
