3116 4756
431 463 435 475 ’
509 505 758 605 aunon
786 507 923 658 uxr.

532 703 599 768 AD
625 701 891 770 CYNTHIAM.

665 905 769 921 -

600 1041 830 1080 ΔΙθῦΙΙΜΰΙ.

222 1137 420 1201 Confirmari
439 1149 552 1200 eventu
570 1138 655 1222 qnod
667 1155 767 1202 certus
786 1139 990 1224 predixerat:
1007 1141 1120 1206 Panthi
1137 1143 1240 1226 cujus-

194 1234 266 1296 dam
285 1232 414 1318 perfidia
432 1232 562 1316 ejectum
580 1257 611 1296 se
625 1256 704 1313 esse,
724 1257 808 1297 nunc
822 1236 954 1298 vicissim
971 1235 1010 1297 ab
1030 1239 1087 1300 isto
1103 1253 1239 1322 spretam

194 1331 312 1393 irrideri
331 1333 484 1393 desertam
504 1333 680 1418 Cynthium.
699 1337 767 1396 Hoc
786 1336 915 1412 amisso,
934 1335 1050 1418 inquit,
1068 1337 1165 1400 alium
1181 1339 1241 1402 fida

195 1429 354 1492 meliorem
375 1430 508 1513 queris?
527 1433 630 1507 Mitte,
651 1430 794 1510 credula,
817 1451 962 1515 sperare:
978 1453 1059 1494 unus
1079 1455 1137 1516 ego
1156 1457 1240 1513 sum,

195 1527 291 1608 quite
303 1539 478 1589 constanter
490 1547 594 1588 amare
604 1525 710 1590 didici.

663 1713 776 1731 -1-

244 1830 315 1940 Aa
327 1888 493 1965 quantum
505 1869 613 1940 deme
625 1869 744 1939 Panthi
756 1871 816 1939 tihi
828 1875 950 1967 pagina
961 1873 1073 1956 finxit,

287 1985 435 2054 Tantum
446 1979 494 2047 illi
508 1980 636 2050 Pantho
648 2005 692 2050 ne
703 1984 747 2049 sit
757 1985 865 2052 amica
876 1988 1008 2072 Venus!

243 2088 306 2158 Sed
320 2089 459 2184 tibijam
472 2088 587 2158 videor
602 2090 745 2160 Dodona
758 2094 869 2160 verior
883 2097 1013 2186 augur?

289 2204 437 2270 Uxorem
447 2200 503 2269 ille
514 2216 593 2270 tuus
606 2201 750 2296 pulcher
762 2219 890 2271 amator
902 2202 1013 2304 hahet.
1246 2275 1248 2280 ,

242 2312 308 2377 Tot
320 2324 433 2378 noctes
445 2312 575 2404 periere
587 2335 594 2376 :
607 2308 692 2377 nihil
704 2309 830 2404 pudet?
841 2309 993 2404 adspice,
1005 2325 1118 2379 cantat
1224 2325 1240 2378 ⁵

288 2417 406 2488 Liher:
421 2435 474 2502 tu,
487 2422 628 2489 nimium
643 2419 799 2504 credula,
814 2417 886 2488 sola
891 2417 1000 2513 jaces!

243 2532 388 2597 Etnuno
398 2531 553 2598 intereos
567 2545 606 2596 tu
617 2553 728 2598 sermo
740 2552 794 2612 es;
808 2545 840 2596 te
853 2526 910 2597 ille
922 2527 1088 2623 superbus

290 2641 377 2708 Dicit
388 2663 424 2708 se
437 2642 542 2707 invito
556 2663 646 2735 saepe
657 2639 760 2708 fuisse
773 2639 875 2707 domi.

244 2751 453 2843 Dispcream,
469 2752 496 2816 si
508 2749 693 2844 quidquam
704 2749 796 2818 aliud
807 2774 910 2844 quem
923 2747 1027 2842 gloria
1038 2745 1080 2816 de
1092 2764 1125 2816 te

290 2857 1023 2947 Quaeritur:hasluudesillernuritushabet.
1211 2887 1243 2925 ιο

245 2969 402 3039 Colchida
412 2971 462 3037 sio
471 2967 595 3062 hospes
606 2969 779 3065 quondam
789 2968 920 3061 decepit
932 2973 1030 3036 lusou
1043 2993 1050 3033 :

238 3155 325 3210 1.A1·.
341 3155 445 3210 Falsum
460 3167 498 3208 eet
513 3153 587 3226 quod
597 3155 626 3206 in
641 3151 700 3206 rul-
778 3151 1081 3225 7·1ntereos;l³anthom
1091 3166 1243 3208 etuxorem.

200 3236 266 3306 gutia
297 3231 489 3306 exemplaribus
513 3231 630 3304 legitur,
653 3232 697 3284 At.
745 3230 1003 3292 Tusemoes,·vide
1018 3229 1090 3297 adl,
1106 3229 1245 3298 ὀρθ.-

200 3313 296 3387 Scripti
309 3315 386 3384 longe
398 3313 519 3384 plerique
532 3312 591 3374 Aru·
607 3313 699 3364 motis-
745 3310 782 3363 Te
791 3328 858 3382 soepr
865 3307 948 3380 facim
961 3309 1033 3361 oms·
1042 3327 1095 3361 sue
1105 3327 1133 3362 se
1144 3310 1243 3374 invitm

200 3388 642 3464 sime.-Quantum...tuntum,·id
651 3401 700 3458 est,
745 3390 871 3446 accidisse
895 3409 950 3442 non
973 3388 1074 3456 semel,
1094 3404 1124 3441 nt
1148 3391 1246 3444 inritus

201 3489 256 3543 quo
266 3471 442 3544 parimodo...
453 3471 498 3522 ita.
509 3471 593 3541 dique
603 3467 700 3522 habeat
744 3469 854 3524 haberet
863 3484 889 3523 te
904 3469 1038 3523 ferendam
1052 3468 1133 3522 domi.

200 3551 251 3606 sihi
271 3551 388 3606 Panthus
404 3549 538 3604 adversam
555 3551 701 3617 Venerem,
779 3568 805 3621 9.
820 3551 980 3622 Dispereom,
989 3546 1163 3621 siquidquum
1172 3545 1248 3600 aliud

201 3649 233 3684 ac
243 3631 291 3684 tibi
302 3629 367 3683 falsa
378 3627 411 3682 de
421 3648 464 3683 ure
474 3631 578 3700 scripsit
586 3628 701 3681 malevo-
746 3642 865 3703 querunt
874 3641 913 3680 tot
923 3639 1041 3678 amantes
1051 3625 1094 3677 isti
1105 3625 1157 3687 tui,
1166 3643 1247 3696 quam

201 3709 407 3764 lue-Nomen
421 3707 511 3761 lictum
523 3703 643 3760 Panthus
651 3717 700 3760 est.
745 3705 797 3761 sihi
813 3705 847 3758 de
864 3719 890 3758 te
903 3705 1075 3774 jactationem
1089 3713 1115 3754 et
1125 3701 1246 3771 gloriam.

200 3813 238 3828 -
250 3784 363 3858 Papiam.
378 3781 445 3836 Vide
458 3787 509 3852 111,
521 3783 574 3851 25,
590 3799 631 3853 17.
660 3823 666 3836 .
745 3812 782 3825 -·
796 3782 851 3834 Has
863 3781 949 3833 hodes
967 3779 1014 3835 ille
1032 3778 1140 3832 maritus
1155 3779 1249 3845 hahet,-

237 3863 262 3915 3.
278 3862 398 3916 Dodonu.
408 3861 474 3914 Vide
484 3863 512 3931 1,
523 3881 556 3935 9,
569 3861 595 3916 ⁵.
747 3875 800 3914 tom
814 3857 928 3930 pulchra
940 3857 997 3910 laos
1007 3869 1063 3924 est,
1077 3873 1130 3928 qna
1140 3875 1169 3910 se
1182 3859 1248 3910 Pon·

239 3943 264 3998 ⁵.
279 3943 330 3996 Tot
338 3955 424 3997 nomos
432 3945 541 4014 periere,
551 3963 565 3996 a
574 3945 704 3998 teiruure
747 3937 809 3992 thoe
819 3939 897 3990 effert
907 3953 979 3988 nove
992 3933 1072 3988 dutus
1082 3935 1194 3990 femine.

203 4027 306 4096 ingrato
314 4021 526 4082 dsoe.-1.iter.·
538 4035 567 4073 nt
575 4024 597 4087 1,
610 4037 651 4089 ro,
659 4019 701 4076 30.
786 4035 826 4070 ιι.
845 4013 962 4084 Colchis,
976 4012 1088 4079 Medea,
1107 4025 1137 4068 ut
1156 4017 1197 4080 ll,
1218 4035 1248 4086 r,

1046 4104 1085 4169 16
