3122 4756
290 357 605 372 *w—

594 499 839 594 ELEGIA
868 499 1012 592 XIII.

648 703 711 764 au
734 701 948 766 erutum.

692 1097 915 1134 inauratarum.

319 1207 450 1268 Relictus
471 1227 489 1266 a
509 1205 646 1288 Cynthia
664 1205 841 1288 Propertius
863 1206 954 1268 Gallo
976 1205 1136 1265 meliorem
1158 1213 1269 1264 sortem
1291 1203 1323 1262 in

279 1303 436 1364 amoribus
448 1301 638 1384 adprecatur.
649 1303 741 1361 Hunc
753 1303 836 1360 enim
848 1301 964 1362 dedisse
974 1302 1086 1361 Veneri
1096 1301 1222 1361 tandem
1232 1299 1324 1360 victas

279 1419 390 1460 manus
405 1422 412 1457 ε
431 1419 523 1479 quem
538 1397 622 1457 fama
638 1396 710 1456 tulit
725 1396 787 1458 huc
802 1419 899 1480 usque
915 1396 1041 1458 fallendi
1056 1398 1252 1478 magistrum,
1269 1417 1324 1456 nec

280 1507 400 1578 poterat
413 1495 479 1554 ulla
493 1515 583 1554 suum
598 1493 647 1553 vel
662 1505 820 1554 momento
834 1494 951 1570 dicere,
968 1495 1085 1552 invenit
1096 1494 1121 1553 is
1133 1513 1242 1567 unam,
1256 1483 1335 1574 quae'

278 1592 377 1652 levem
389 1591 503 1651 haerere
514 1605 632 1672 cogeret
645 1592 801 1665 animum,
813 1604 845 1650 et
858 1612 915 1674 pro
929 1602 976 1650 tot
989 1591 1106 1650 miseris
1120 1590 1248 1671 exigeret
1262 1609 1326 1670 poe·

279 1709 344 1747 nas.
361 1689 421 1748 Nec
436 1699 566 1762 temere,
581 1686 631 1747 sed
645 1687 723 1746 berre
740 1687 884 1747 scientem
900 1699 930 1746 et
945 1699 1026 1746 certo
1040 1707 1072 1748 se
1088 1685 1175 1766 loqui
1193 1708 1200 1743 ι
1219 1705 1325 1746 nonne

280 1785 357 1845 vidit
377 1787 441 1866 ipse
461 1783 544 1844 Galli
564 1783 754 1866 voluptates?
779 1804 885 1843 nonne
905 1785 1071 1866 lacrymas,
1095 1781 1215 1858 oscula,
1238 1802 1326 1841 com-

266 1881 524 1964 ,plexus,furores
537 1881 668 1940 amantis
680 1893 710 1940 et
719 1881 825 1939 amicae
835 1880 1076 1960 mutuoslllagis
1086 1878 1210 1960 ignibus
1222 1898 1260 1937 cn
1271 1877 1326 1958 igi-

279 1993 329 2038 tur
344 1978 413 2037 finis
427 1975 525 2051 adest,
544 1991 573 2036 et
594 1978 695 2036 uritur
710 1981 848 2052 vinctus,
860 1977 915 2058 qui
928 1977 1045 2036 levitati
1061 1995 1122 2035 suae
1140 1973 1240 2034 fuerat
1260 1987 1324 2032 tam

279 2075 398 2156 egregie
412 2075 555 2134 confisus.
566 2071 685 2156 Ecquid
702 2073 839 2133 mirum?
854 2076 901 2134 An
920 2085 1014 2134 exstat
1024 2093 1093 2156 quae
1106 2073 1204 2153 magia
1214 2067 1323 2154 puella

281 2171 416 2256 placeat?
429 2193 533 2234 nonne
549 2174 625 2233 Jove
639 2172 768 2254 dignam
785 2173 861 2233 dicit
875 2194 943 2232 eam
958 2172 1065 2232 Gallus
1079 2171 1159 2232 esse?
1175 2171 1262 2230 Amet
1274 2168 1323 2227 ille

279 2287 343 2330 tam
359 2270 530 2330 formosam
547 2282 577 2331 et
598 2270 730 2351 gaudeat
748 2271 820 2345 sibi3
845 2271 924 2330 hane
945 2291 1032 2331 suam
1054 2281 1156 2330 teneat
1178 2267 1239 2327 fido
1257 2265 1321 2346 jam

280 2381 416 2450 pectore;
431 2375 488 2451 pro
500 2369 615 2430 caeteris
635 2369 821 2450 quibuslibet
834 2368 901 2430 haec
915 2367 959 2427 illi
974 2370 1013 2426 sit
1027 2368 1129 2427 unica.

747 2575 856 2592 -ού

329 2665 415 2786 To,
431 2702 522 2798 quod
533 2725 623 2795 saepe
635 2702 739 2786 soles,
752 2720 868 2771 nostro
881 2703 1036 2772 laetabere
1048 2727 1142 2785 casu,

371 2811 465 2880 Galle
476 2863 484 2892 ,
497 2811 589 2906 quod
600 2811 740 2905 abrepto
752 2812 843 2881 solus
855 2837 969 2882 amore
982 2839 1107 2882 vacem.

327 2932 368 2991 At
378 2947 448 2990 non
459 2925 530 3014 ipse
542 2938 617 2990 tuas
629 2923 799 3008 imitabor,
813 2923 955 3018 perfide,
969 2951 1067 2995 voces
1082 2953 1089 2992 :

372 3031 499 3100 Fallere
512 3050 544 3100 te
558 3057 760 3128 numquam,
773 3035 883 3119 Galle,
895 3037 1008 3129 puella
1019 3037 1116 3105 velit!

326 3148 414 3210 Dum
425 3142 485 3209 tibi
497 3140 644 3237 deceptis
657 3161 797 3237 augetur
808 3146 896 3214 fama
907 3145 1044 3239 puellis,

370 3255 488 3319 Certus
501 3255 578 3319 etin
590 3253 685 3322 nullo
697 3257 821 3349 quoeria
832 3281 945 3324 amore
957 3279 1105 3333 moram;

317 3459 340 3492 a.
355 3437 439 3492 Galle.
453 3435 521 3487 Vide
536 3455 628 3510 supra,
641 3438 705 3508 eleg.
722 3439 737 3490 5
752 3453 778 3488 et
803 3457 804 3462 ¹
857 3442 885 3496 3..
895 3441 963 3492 Tuas
974 3458 1058 3502 voces,
1071 3437 1166 3510 quibua
1178 3452 1280 3494 tentare
1292 3461 1320 3494 se

283 3515 446 3588 ro.-Quod
455 3513 523 3568 solut
534 3533 636 3582 vacem,
651 3515 723 3588 quod
737 3534 777 3567 re·
821 3519 887 3570 velle
896 3518 1000 3569 dicebat
1010 3517 1162 3588 Cynthiam,
1173 3517 1237 3588 eleg.
1251 3521 1276 3572 ⁵.

279 3600 356 3650 lictus
366 3591 453 3666 puella
466 3611 579 3645 caream.
591 3593 726 3646 Vocataut
737 3613 778 3645 va·
858 3597 881 3648 5.
898 3597 969 3647 Dum
986 3596 1031 3648 tili
1048 3596 1171 3667 decqrtt's,
1190 3611 1241 3649 ete.
1255 3598 1319 3651 Car·

188 3721 191 3726 .
279 3694 342 3730 eous
353 3686 407 3738 eat,
418 3673 463 3743 qui
473 3669 513 3722 vel
523 3689 576 3723 non
589 3684 659 3722 amat
670 3673 710 3724 vel
723 3691 777 3724 nort
821 3695 881 3727 men
897 3675 930 3726 de
948 3675 1020 3746 ragis
1032 3677 1086 3727 istis
1097 3675 1230 3730 amoribus
1241 3695 1321 3730 venu-

281 3753 556 3825 amatur.—Abrepto
571 3769 666 3804 amore.
681 3755 710 3804 ln
722 3752 776 3805 ele·
822 3767 890 3807 stum
911 3767 962 3818 est,
981 3751 1054 3826 quod
1069 3753 1154 3825 ,habet
1174 3757 1212 3808 La
1231 3757 1318 3824 Bam,

281 3841 336 3908 gia,
348 3853 404 3906 quaa
417 3833 535 3904 proxima
550 3833 702 3898 antecessit,
716 3831 777 3885 levi·
823 3833 901 3897 Odes,
925 3833 975 3901 Ill,
997 3833 1080 3886 23.-
1090 3835 1192 3902 Certus,
1213 3835 1319 3904 firmus,

283 3930 361 3968 tatem
377 3915 432 3983 jam
448 3927 556 3984 questus
573 3927 611 3970 est
622 3925 646 3966 et
659 3913 775 3966 infidiam
821 3911 1067 3972 stabilis-Mora,
1085 3917 1271 3980 commoratio,
1290 3928 1319 3966 ιιι

282 3994 396 4049 absentis
407 3991 531 4063 Cynthia.
821 3992 870 4058 lll,
889 4007 922 4059 9,
941 3989 990 4048 36:
1009 3992 1092 4056 lV,8
1124 3993 1148 4060 4.
