3122 4756
525 587 776 684 ELEGIA
803 587 945 682 VIII.

597 821 658 886 AD
680 819 889 884 AMICUM.

634 1241 860 1280 sannuncurt.

265 1351 410 1433 Ereptsm
428 1356 487 1416 sibi
506 1355 674 1439 Cynthiam
694 1355 923 1417 inconstantem
935 1354 1037 1433 luget,
1050 1364 1081 1414 et
1092 1351 1271 1414 detestanda

223 1447 329 1508 rivalis
339 1449 454 1530 gaudia
465 1467 627 1535 reputans,
642 1450 780 1512 defendit
793 1452 935 1512 adversus
945 1450 1081 1510 amicum
1094 1468 1170 1530 quas
1186 1468 1273 1530 aper·
1329 1511 1332 1518 ,

224 1543 270 1622 git
281 1543 441 1628 lacrymas.
450 1582 489 1593 -
498 1548 579 1609 Mori
591 1548 726 1629 Cynthia
733 1547 821 1628 jubet
832 1547 1029 1628 Propertium
1040 1565 1131 1629 suum
1142 1567 1150 1604 ι
1162 1543 1274 1622 habeat

227 1638 281 1699 illa
295 1641 378 1722 quod
392 1645 494 1726 cupit,
510 1658 541 1705 et
558 1646 687 1724 ingratae
707 1643 819 1725 puellm
837 1642 929 1703 detur
945 1653 983 1702 ut
999 1641 1131 1702 amantis
1150 1637 1276 1700 insultet
1343 1709 1348 1722 .

228 1738 360 1798 tumulo.
379 1740 498 1823 EcquId
515 1740 651 1802 mirum?
665 1760 772 1801 nonne
789 1753 917 1822 propter
935 1739 1113 1819 Antigonen
1130 1759 1161 1798 se
1178 1757 1276 1797 manu

228 1851 283 1892 sne
295 1833 428 1894 Haemon
440 1835 613 1896 interfecit?
629 1834 685 1895 Sed
699 1856 755 1895 nec
769 1849 821 1910 tu,
837 1832 971 1916 perfida,
989 1853 1045 1894 nec
1061 1845 1095 1893 tu
1114 1833 1180 1915 ipsa
1196 1830 1275 1893 effli-

230 1931 463 2008 gies'ntortern:
483 1933 565 2016 apud
586 1933 703 1993 inferos
722 1947 751 1994 te
769 1953 890 1992 mecum
910 1931 1000 2006 volo;
1017 1931 1131 1991 ibimus
1146 1931 1277 2012 pariter,

232 2021 293 2086 hoc
306 2025 389 2090 ferro
403 2027 572 2111 conjuncti
585 2033 655 2090 Jam
667 2051 757 2110 sero,
774 2051 812 2098 ne
826 2030 895 2110 quis
913 2028 1037 2110 prodito
1053 2029 1154 2088 amori
1170 2047 1277 2110 expro-

233 2123 300 2184 bret
312 2139 377 2188 tam
390 2129 534 2190 miseram
548 2127 680 2204 caedem,
698 2127 848 2188 Achillem
864 2128 983 2209 ipsum,
1000 2125 1133 2186 Briseide
1151 2127 1278 2200 amissa,

234 2219 336 2280 ultum
357 2226 509 2304 sanguiue
528 2245 592 2284 esse
612 2222 761 2304 injuriam
783 2242 891 2297 suam,
916 2221 993 2282 dum
1005 2266 1014 2298 ,
1026 2201 1143 2302 'positIs
1165 2221 1278 2298 armis,

236 2319 317 2380 vinci
328 2321 537 2405 trucidanque
550 2323 676 2383 Danaos
690 2321 747 2384 sub
757 2319 849 2404 Troja
861 2321 987 2404 patitur.

642 2567 645 2576 ’
705 2573 814 2592 —a-n-

286 2703 462 2816 Emnua
476 2746 572 2816 noble
581 2746 651 2840 jam
664 2747 795 2841 pridem
806 2771 884 2816 cara
896 2746 1028 2840 puella,
1126 2815 1128 2818 .

331 2859 374 2923 Et
384 2871 424 2923 tu
435 2881 490 2925 me
500 2857 669 2950 lacrymas
680 2843 840 2941 fundere}
853 2859 977 2940 amice,
990 2859 1101 2923 vetas?

286 2962 1083 3049 Nulleesuntinimicitiae‚nisinmoris‚acerbae:

335 3081 451 3170 Ipsum
463 3102 518 3145 me
526 3076 663 3171 jugula,
676 3076 784 3144 lenior
795 3076 902 3145 hostis
913 3101 982 3143 ero.

290 3191 431 3256 Possum
445 3212 507 3282 ego
520 3191 556 3254 in
568 3186 706 3256 alterius
718 3190 863 3282 positam
875 3203 1026 3279 spectare
1038 3183 1184 3252 lacerto?
1274 3193 1290 3248 ⁵

336 3297 738 3394 Neomeadioetur‚quae
747 3297 853 3366 modo
861 3295 950 3364 diets
961 3321 1035 3364 msa
1046 3300 1118 3364 est?

291 3411 412 3478 Omnia
425 3427 623 3479 vertuntur:
639 3429 729 3478 certe
742 3425 921 3478 vertuntur
932 3431 1076 3476 amores,

271 3596 276 3606 ι
337 3523 489 3590 Vinceris
501 3535 561 3590 aut
571 3522 693 3604 vincis,
707 3518 779 3588 haec
790 3521 826 3588 in
837 3543 952 3587 amore
963 3533 1036 3585 rota
1048 3531 1109 3584 est.
1158 3535 1160 3540 ·

294 3634 410 3722 Magni
421 3655 510 3725 saepe
522 3632 644 3715 duces,
656 3634 770 3722 magni
784 3631 933 3698 cecIdere
944 3627 1099 3720 tyranni,

285 3853 311 3905 3.
326 3853 419 3906 Nolle
440 3867 501 3908 sunt
522 3856 680 3922 inimicitia,
698 3867 749 3906 etc.
795 3870 866 3906 eros
882 3864 908 3903 te
921 3845 1076 3919 jugulatus,
1091 3859 1170 3913 quam
1186 3841 1229 3896 isti
1246 3860 1296 3914 ego

250 3929 395 4004 Aninquit,
403 3932 522 3986 acerbius
529 3931 592 3986 nibil
603 3945 658 3997 est,
672 3950 752 4002 quem
796 3947 873 3994 snm,
885 3923 933 3999 qni
942 3923 1078 3997 cynthiam
1092 3919 1209 3973 abduxit.

253 4025 362 4086 propter
374 4030 491 4067 amorem
505 4028 568 4068 orta
579 4017 647 4067 inter
658 4011 751 4064 risales
832 4027 860 4078 9.
868 4003 986 4078 Tyranni
997 4023 1047 4074 pro
1059 3999 1176 4073 regibus,
1186 4013 1216 4053 ut
1227 4000 1300 4054 Grae·

256 4093 405 4145 hilmicitin.
429 4123 463 4132 -
490 4094 586 4147 Lenior
606 4091 654 4144 tibi
678 4089 754 4144 lestis
799 4087 824 4140 ci
837 4085 991 4158 loquuntur.
