3128 4760
594 323 771 391 ELEGIA
795 324 856 386 xl.
939 331 947 348 ⁸

256 453 389 524 Coclitis
400 449 564 520 abscissos
576 465 717 518 testatur
731 449 848 516 semite
860 462 998 540 pontes,

301 568 378 643 Est,
392 563 446 628 oui
457 582 644 653 cognomen
655 579 776 628 corvus
789 555 912 624 habere
925 553 1027 623 dedit.

256 679 335 742 Hac
345 671 380 740 di
391 669 630 753 condiderunt,
645 669 716 738 haec
728 667 763 736 di
775 691 911 764 quoque
924 669 1048 734 moenia
1058 683 1206 736 servant:

301 785 365 850 Vir
376 784 506 865 timeat,
521 779 614 849 salvo
626 784 771 862 Caesare,
787 785 893 846 Roma
903 781 1031 850 lovem.

253 891 441 960 Leucadius
451 913 565 959 versas
579 892 666 958 acies
679 887 880 957 memorabit
890 885 1021 978 Apollo.

300 1008 447 1072 Tantum
459 1005 569 1096 operis
582 1001 662 1069 belli
674 999 809 1068 sustulit
820 988 889 1066 un'a
900 996 982 1065 dies:
1221 1029 1255 1080 7⁰

256 1119 298 1184 At
310 1129 365 1194 tu,
379 1115 448 1180 sive
462 1129 556 1206 petes
568 1127 702 1205 portus,
715 1133 792 1190 seu,
806 1111 936 1191 navita,
950 1104 1099 1202 linques,

301 1225 570 1294 Caesarisintoto
583 1225 629 1290 sis
640 1243 771 1289 memor
785 1221 890 1287 Ionio.
963 1265 967 1272 ‚

209 1391 279 1430 runt.
299 1379 333 1431 Et
351 1389 522 1433 monumenta
538 1377 583 1446 hic
602 1376 712 1450 quidem,
754 1392 845 1428 cunae.
858 1374 980 1440 Lamon,
999 1375 1131 1445 specusin
1147 1376 1206 1428 foro
1218 1375 1258 1430 di-

208 1461 297 1512 iterari
310 1460 419 1511 omniuo
431 1460 551 1530 ineptum
562 1470 610 1511 est.
621 1459 709 1527 Quare
753 1451 922 1505 ductatores.
939 1451 1021 1521 Quod
1037 1454 1135 1506 factum
1150 1456 1257 1524 attinet,

207 1535 311 1590 ridetur
327 1549 446 1603 certum,
461 1536 504 1588 hic
524 1554 616 1589 verum
631 1554 711 1588 voca·
754 1533 838 1584 Curtii
856 1551 955 1585 nomen
973 1553 1021 1605 per
1039 1553 1067 1586 se
1087 1532 1258 1607 loquitur.-

207 1615 302 1668 bolum
316 1614 457 1682 excidisse,
471 1615 644 1670 monumentis
658 1614 710 1668 illis
754 1613 794 1666 Ac
805 1615 898 1666 Decius
913 1615 997 1667 misso.
1014 1616 1071 1666 Viri
1086 1615 1159 1668 docti
1174 1619 1258 1670 Scali-

210 1695 350 1747 oscitantia
363 1696 390 1746 in
404 1691 516 1748 librariis
532 1695 711 1766 Propertianis
754 1709 819 1764 gero
841 1704 952 1744 auctore
972 1711 979 1742 ε
1003 1691 1145 1746 uAdmt'sso
1165 1695 1260 1751 Decius

208 1791 264 1825 non
283 1791 353 1825 nova
372 1791 402 1824 ex
422 1790 500 1825 versu
517 1774 664 1845 posteriore
683 1774 710 1825 in
753 1769 844 1843 prelia
859 1772 930 1842 rupit
944 1787 1022 1843 equo.
1034 1793 1046 1816 ι
1060 1771 1157 1824 Veram
1168 1771 1259 1828 lectio-

208 1852 324 1922 priorem
347 1849 435 1902 illatis.
454 1852 573 1904 Fortasse
595 1869 650 1904 non
669 1855 711 1904 in·
754 1845 1259 1906 nemservavitMentelianuscumnon-

209 1925 378 1978 commodum
391 1929 505 1981 orationi
518 1929 629 1981 fulcrum
644 1949 710 2001 pre·
755 1927 852 1992 nullis,
871 1927 950 1982 Aa...
964 1929 1059 1992 misso,
1075 1948 1124 2000 pro
1149 1948 1202 2002 quo
1221 1933 1260 1984 Ar

209 2003 330 2056 bebimus
340 2003 480 2057 scribendo
491 2027 497 2056 ι
513 2029 524 2052 ι
534 2007 639 2078 Septem
649 2007 711 2059 urbs
756 2006 847 2076 scripti
861 2004 990 2078 plerique.
1006 2008 1099 2060 Missus
1109 2027 1209 2080 equam
1222 2013 1259 2063 ita

210 2081 264 2135 alta
270 2084 357 2152 jugis,
369 2095 426 2136 toto
437 2103 494 2154 que
505 2082 627 2154 presidet
638 2085 712 2152 orbi,
756 2103 805 2136 nos
815 2083 883 2136 Galli
896 2085 1027 2138 luncerun
1037 2085 1138 2138 clreval.
1149 2119 1182 2128 —
1190 2090 1260 2144 Proe·

209 2161 345 2214 Femineas
359 2161 445 2213 timuit
462 2163 551 2214 territa
566 2163 651 2216 Marte
666 2166 713 2214 mi·
757 2160 794 2214 lia
806 2163 876 2232 rupit
887 2161 1007 2230 (bellum
1018 2163 1137 2236 sustulit)
1150 2167 1259 2234 Decius,

209 2243 272 2292 nas!
285 2239 440 2292 Hannibalis
448 2240 533 2312 spolia
544 2254 570 2294 et
578 2243 639 2294 victi
652 2253 714 2296 sunt
757 2260 834 2314 quem
853 2245 944 2313 patrie
961 2261 1072 2312 magnus
1089 2263 1164 2298 amor
1178 2248 1260 2300 devo·

208 2330 284 2389 parta
298 2316 441 2391 Syphacis,
456 2321 489 2370 Et
505 2319 595 2392 Pyrrhi
613 2318 646 2370 ad
661 2339 712 2372 no·
757 2334 812 2371 tum
825 2321 903 2371 morti
916 2339 967 2391 per
979 2317 1068 2372 hostes
1083 2323 1200 2378 immisit.

210 2413 278 2454 suos
289 2398 375 2470 gloria
391 2400 475 2452 fracta
491 2397 588 2470 pedes;
606 2400 712 2452 Curtius
791 2397 835 2451 65.
850 2397 954 2452 Coclitis
965 2399 1097 2466 abscissos,
1111 2414 1160 2453 etc.
1173 2403 1260 2458 cocli-

210 2479 321 2554 expletis
337 2481 430 2532 statuit
447 2491 619 2535 monumenta
638 2480 713 2534 lecu-
756 2479 790 2530 ris
798 2493 856 2548 quae
867 2487 954 2528 servat
965 2474 1046 2528 hodie
1058 2495 1155 2533 nomeu
1167 2484 1260 2535 semita

210 2559 268 2624 nis,
279 2561 319 2610 Ac
331 2559 428 2612 Decius
443 2561 522 2612 misso
537 2559 625 2630 praelie
641 2562 713 2630 rupit
755 2553 839 2624 (ria),
860 2569 971 2626 pontem
986 2553 1135 2610 abscissum
1153 2575 1260 2628 narret,

210 2655 297 2709 equ03
319 2651 391 2690 etc·
417 2639 472 2708 (Ex
489 2639 608 2709 ejusdem
626 2640 712 2692 Lach-
755 2648 879 2687 eternam
890 2633 1259 2708 ririgloriem3(pontemSu-

211 2715 300 2768 manni
324 2717 422 2767 notatis
442 2715 529 2786 brec.)
547 2745 583 2756 -
601 2717 712 2788 Bospore
756 2711 1260 2788 bliclum,temporePorsenuae.}-Est,

211 2803 293 2864 eapte.
306 2793 420 2862 Bosporo
429 2803 505 2863 capta
516 2793 543 2844 in
556 2793 642 2863 rulffl.
656 2793 712 2848 edi·
756 2793 798 2844 cui
807 2805 1018 2864 coquomeu,etc.
1030 2795 1188 2850 bl.Valerius
1198 2800 1260 2852 Cor·

212 2870 263 2935 tis,
280 2869 337 2920 «Et
353 2867 434 2920 modo
455 2870 580 2940 Pompeia
598 2871 712 2943 Bosporo
757 2871 842 2920 riuus.
858 2873 1027 2922 Meminimus
1043 2887 1176 2926 certamen
1201 2893 1260 2931 eum

211 2958 288 3020 capta
298 2965 379 3000 manu
388 2985 396 3011 ,
406 2970 417 2992 ι
429 2945 561 3000 vocabulo
571 2949 638 3002 falso
650 2950 714 3004 Bos-
758 2946 853 3014 Gallo,
870 2961 896 3000 et
915 2951 988 3002 corvi
1004 2963 1058 3002 tarn
1072 2951 1211 3023 pulchram
1231 2976 1262 3008 ac

209 3046 296 3101 pora,
315 3045 396 3098 quum
423 3027 508 3078 Greci
526 3034 598 3094 πόρον
619 3043 714 3084 neuun
758 3024 900 3078 veridicam
915 3027 1059 3079 historiam.

209 3125 308 3180 genere
335 3122 480 3177 numquam
506 3103 638 3168 dixerint,
666 3125 714 3160 nee
794 3100 838 3171 69
849 3104 1145 3180 ἱοιωαάἰιιε(.ὶοιὶαοιιε)
1153 3111 1261 3182 Apollo,

211 3188 274 3259 qnia
292 3187 408 3250 Istnora,
426 3183 563 3251 Mustela,
584 3187 715 3258 Gar-pam,
759 3181 792 3234 de
805 3184 879 3252 cujus
893 3183 993 3256 templo
1002 3186 1037 3238 od
1045 3187 1215 3243 Ambracium
1228 3196 1263 3247 ei-

211 3264 414 3332 dicimus,licet
423 3264 501 3316 etiarn
511 3264 625 3336 Bosporo
636 3284 715 3318 usur-
760 3280 823 3314 num
840 3261 900 3314 vide
920 3265 963 3330 tv,
977 3262 1008 3327 6,
1022 3265 1067 3336 67.
1083 3269 1261 3324 Endversum

211 3363 284 3414 pere.
308 3342 502 3415 Neapolitanus
526 3357 552 3394 et
572 3345 714 3398 burmauui
759 3356 814 3396 erat
829 3345 1042 3414 promontorium
1055 3347 1178 3403 butadis
1191 3350 1262 3402 cele-

212 3421 278 3474 alter
287 3421 361 3492 (item
369 3424 465 3493 Regius
475 3424 603 3494 nosterl')
613 3425 713 3478 babent
758 3421 911 3476 herrimum.
921 3451 958 3462 -
969 3424 1083 3476 Tunbrm
1094 3431 1176 3499 operis
1186 3429 1261 3496 belli,

212 3500 339 3570 Bosphore
349 3512 434 3572 copta.
446 3500 532 3574 Lege:
547 3504 623 3554 sAut
631 3503 712 3557 modo
757 3517 844 3558 tantm
854 3504 917 3556 belli
926 3521 1046 3560 conatus.
1058 3507 1123 3559 Vide
1136 3513 1169 3576 ll,
1182 3529 1224 3581 27,
1233 3511 1259 3563 6.

212 3579 338 3648 Pompeia
359 3581 471 3651 bospore
497 3591 572 3650 capte
596 3599 710 3635 manu·
759 3583 873 3634 Tannum
886 3585 982 3655 operis,
992 3598 1044 3635 tam
1053 3605 1261 3658 magnumopus,

213 3657 282 3711 Nam
290 3657 360 3723 Aut,
374 3676 427 3710 non
441 3661 492 3726 Et,
509 3658 634 3714 exhibent
652 3659 714 3713 libri
758 3665 845 3729 utlll,
862 3665 892 3730 3,
910 3665 946 3730 de
963 3667 1063 3717 «Visus
1076 3684 1177 3718 eram...
1189 3669 1261 3721 Tan-

213 3731 348 3786 melioret.
362 3735 553 3791 Lachmannus.
566 3767 600 3778 -
616 3739 718 3794 Curtius
762 3753 817 3794 tum
845 3743 928 3812 operis
950 3745 1037 3795 nervis
1061 3743 1162 3797 hiscere
1182 3765 1260 3818 posse

213 3811 322 3884 expletis
332 3811 430 3866 haurris
439 3820 717 3886 mouumentastatuit,
763 3821 866 3882 meis;·
880 3825 977 3888 111,5,
992 3841 1021 3874 ιι
1039 3845 1045 3875 2
1064 3826 1163 3878 «Nunc
1179 3831 1257 3883 matis

213 3906 415 3948 monumentum
427 3894 530 3950 virtutis
548 3897 664 3970 expletas
678 3897 718 3952 la·
763 3902 790 3954 in
808 3911 908 3955 tantum
920 3905 1169 3974 rentojectumur.»

649 4049 828 4085 *⁴0*-
