3116 4756
509 349 775 416 PROPERTH
798 351 886 415 ΗΒ.
911 353 958 417 Π.
1192 357 1251 422 231

303 476 345 550 Et
356 472 455 540 facim
467 474 588 540 scissas
599 468 759 566 languida
774 495 859 564 nugs
870 480 997 566 genas?

257 589 299 649 At
310 606 379 650 non
394 580 531 650 Tithoni
542 606 706 675 spernens
718 588 847 650 Aurora
859 600 1030 653 senectam

302 697 480 761 Desertum
495 697 562 761 an
576 717 675 788 passo
685 691 798 787 jacere
813 693 914 763 domo
927 710 988 764 est.

257 802 357 874 lllum
373 829 462 898 saepe
474 807 544 872 suis
556 804 723 874 decedens
737 804 820 873 fovit
830 809 866 876 in
880 806 984 891 tdnis,

303 920 413 1002 Quam
424 911 1069 1013 priusabjunctossedulolnvitequns3
1228 951 1260 986 ιο

258 1024 358 1094 illum
370 1024 414 1094 nd
426 1029 553 1096 vicinos
565 1051 671 1121 quum
683 1028 838 1120 amplexa
850 1031 1038 1122 quiesceret
1049 1029 1168 1113 Indos,

304 1141 456 1205 Metuens
468 1141 591 1204 iterum
601 1154 652 1204 est
663 1153 782 1232 queste
794 1135 904 1206 redire
915 1137 1007 1224 dies3

256 1245 318 1314 uta
331 1245 412 1314 deos
425 1271 564 1316 currum
576 1247 805 1316 conscendens
817 1245 901 1316 dixit
912 1250 1066 1344 iniquos,

302 1359 449 1427 Invitum
461 1373 495 1425 et
510 1361 607 1424 terris
621 1361 777 1454 praestitit
788 1358 954 1441 officium3

253 1467 315 1534 Cui
325 1462 453 1558 majora
465 1469 554 1536 senis
566 1466 705 1536 Tithoni
718 1465 838 1560 gaudia
851 1470 934 1552 vivi,

300 1579 532 1669 Quamgravis
545 1581 670 1646 smisso
681 1583 865 1646 Memnone
877 1578 989 1647 luctus
1004 1597 1087 1647 eret.

253 1687 339 1752 Cum
352 1710 431 1754 sene
443 1711 513 1756 non
524 1687 648 1782 puduit
657 1685 757 1758 telem
773 1687 920 1758 dormire
931 1687 1098 1782 puellam,

299 1799 342 1864 Et
355 1821 448 1866 eanae
460 1799 557 1868 toties
568 1797 685 1868 osculo
696 1798 785 1868 ferre
796 1823 914 1868 oomae.
928 1845 931 1851 -

254 1912 297 1975 At
309 1921 347 1974 tu
362 1911 460 1975 etiam
470 1906 631 2000 juvenem
644 1908 742 2003 odisti
754 1926 824 1991 me,
840 1910 984 2002 perfide,
997 1933 1103 2005 quum
1115 1913 1160 1978 sis

303 2023 379 2111 lpso
391 2043 476 2089 onus
490 2017 693 2112 hendiongu
708 2012 811 2106 purte
823 2019 935 2090 futura
948 2021 1012 2091 die.
1087 2117 1093 2126 Ι
1224 2029 1258 2090 '20

253 2131 343 2216 Quin
355 2151 417 2220 ego
429 2126 589 2196 deminuo
602 2151 735 2213 euram,
750 2129 843 2224 quod
855 2156 944 2223 saepe
955 2130 1086 2226 Cupido

207 2315 267 2351 rom
282 2313 353 2353 certe
368 2298 513 2351 Tithonum
527 2319 617 2352 senem
634 2319 709 2352 omn·
753 2305 861 2374 proprie
870 2305 1052 2374 patientiaiste
1059 2300 1136 2356 decet
1146 2323 1153 2355 t
1164 2321 1258 2375 qnam·

206 2380 250 2430 vit.
264 2378 299 2429 At
313 2377 426 2450 Cynthia
437 2381 533 2450 injusto
548 2399 590 2430 me
600 2378 656 2430 odit
665 2381 709 2450 ju-
755 2397 833 2451 quem
845 2399 896 2432 nee
908 2376 1024 2434 Tithono
1038 2399 1086 2432 suo
1100 2380 1187 2450 gravis
1200 2381 1257 2430 An·

206 2476 315 2520 venem;
332 2457 415 2510 multo
434 2460 521 2510 minus
534 2476 596 2528 ergo
611 2457 710 2512 amobit
754 2477 814 2512 rore
826 2459 891 2528 fuit,
905 2460 951 2512 sed
964 2463 1037 2512 omni
1049 2459 1178 2512 blanditia
1189 2459 1256 2510 fovit

207 2554 313 2602 senem,
330 2539 484 2607 neutiquam
500 2535 545 2588 ilta
562 2535 710 2589 dissimule-
753 2540 795 2594 vel
815 2543 889 2594 nonis
910 2543 1070 2594 confectum.
1089 2569 1125 2581 —-
1142 2539 1260 2592 Condere

207 2617 280 2668 tione
301 2629 326 2668 et
346 2619 476 2688 patientia
500 2616 636 2684 flectetur,
660 2633 710 2670 neo
754 2619 1124 2686 mnisnnnis,utcandentem
1133 2618 1257 2671 mitiem
1315 2674 1320 2686 ,

208 2693 274 2746 odeo
289 2693 374 2766 legem
386 2694 457 2746 illem
472 2713 521 2765 ego
537 2695 649 2767 amplius
660 2695 710 2747 ob·
754 2697 818 2750 dixit
832 2697 975 2770 Apuleius,
984 2699 1092 2750 Metam.
1106 2697 1144 2766 V,
1155 2697 1200 2766 98.

207 2791 310 2828 seruere
322 2793 461 2844 possum·
478 2775 533 2826 Etsi
547 2789 617 2826 reete
631 2793 659 2826 se
672 2775 710 2826 ite
775 2831 778 2838 ,
790 2795 815 2846 9.
836 2777 967 2830 Decedens
975 2817 984 2846 ,
1006 2777 1038 2829 de
1052 2775 1115 2830 onio
1141 2774 1256 2842 cedent,

206 2855 349 2906 versiculus
359 2855 539 2926 habet‚msgis
550 2869 653 2906 eertum
662 2853 712 2906 dn·
756 2855 830 2926 quod
840 2859 894 2926 jum
910 2857 955 2910 Sol
967 2871 1089 2928 occupet.
1103 2883 1140 2896 -··
1154 2855 1256 2927 Adjun-

207 2936 291 2986 cimus
307 2953 355 2986 nos
370 2933 413 2998 td,
435 2933 507 3004 quod
529 2935 709 3012 Groningani‚
754 2948 807 2988 etos
823 2955 915 3008 equos,
934 2949 1043 3008 peraeto
1060 2953 1138 2988 eursu
1162 2933 1257 3005 abjun-

209 3025 335 3084 qusntnm
348 3025 468 3079 constat,
483 3010 562 3064 lectio
580 3025 634 3078 eet,
648 3031 710 3066 oon·
755 3029 821 3066 etot.
843 3018 915 3068 Prius
934 3016 968 3068 ad
988 3017 1110 3067 meritum
1131 3015 1258 3082 festinat,
1364 3075 1368 3080 Ι

208 3093 267 3144 deut
285 3107 311 3146 et
328 3092 416 3163 faciat
426 3129 435 3158 ,
457 3110 518 3143 cnm
537 3091 709 3145 Lachmanno
755 3109 834 3162 quam
847 3093 970 3148 sudorem
985 3095 1060 3164 eqni·
1071 3092 1163 3145 obluit.

207 3174 346 3243 resipere:
366 3171 477 3224 candeat
496 3170 586 3223 itidem
605 3171 709 3224 firment
793 3187 833 3222 Η.
856 3171 899 3224 Ad
924 3175 1020 3226 vicinos
1047 3174 1134 3225 indos.
1158 3172 1259 3227 Gentes

208 3253 252 3306 elii
274 3253 358 3306 multi.
379 3252 460 3322 Quod
480 3251 513 3304 ad
533 3271 625 3306 sensus
642 3271 710 3305 eon·
755 3249 789 3301 ad
807 3251 943 3304 Orientem
956 3254 1053 3306 seimus
1073 3253 1180 3304 Ani-ore
1202 3251 1257 3304 dici

207 3335 346 3386 nexionem
371 3333 475 3406 ipsam,
499 3332 604 3385 diverso
630 3331 710 3384 modo
752 3333 895 3402 proximas.

207 3413 310 3484 eapies;
321 3411 710 3482 scilicet,utedoeerisefinget
799 3411 838 3463 ¹6.
853 3415 953 3466 Amisso
968 3407 1111 3465 Memnone
1126 3412 1194 3476 otio,
1210 3409 1256 3480 qni

207 3491 249 3543 vel
266 3491 423 3564 sCynthie‚
444 3490 486 3544 vel
504 3511 519 3544 a
541 3508 710 3564 quocumque
755 3510 860 3547 eausam
872 3485 1159 3564 amplexuutiriidnsb
1166 3485 1257 3539 Achil·

208 3571 377 3644 Propertius,
396 3571 468 3644 quoii
486 3573 614 3643 potientis
633 3571 710 3623 nobis
753 3574 778 3626 ie
791 3575 894 3626 occisus
907 3584 956 3624 est.
1075 3560 1078 3568 ’

208 3651 236 3702 io
255 3669 344 3703 umore
359 3652 487 3704 utendum
510 3653 560 3718 sit,
580 3654 625 3723 qui
639 3669 710 3704 nuno
793 3671 834 3722 ¹9·
849 3655 935 3724 Quum
948 3643 1045 3721 sisipsa
1054 3646 1126 3699 brevi
1136 3658 1257 3714 tempore

208 3733 266 3799 ipse
285 3730 445 3802 respondeat
462 3751 469 3782 ι
491 3731 619 3803 Equidem
635 3732 709 3783 scio:
754 3733 846 3805 futura
856 3749 930 3784 anus.
941 3729 1048 3782 ctutum
1059 3725 1184 3778 indicium
1194 3723 1257 3790 hoo,

210 3805 274 3879 quid
287 3811 516 3860 autemianiorte
529 3829 608 3862 senex
624 3809 711 3862 iectus
755 3824 870 3864 amntem
892 3809 1031 3880 Propertio
1050 3823 1107 3857 esse
1131 3802 1257 3858 feminam

209 3905 284 3954 tum,
305 3887 348 3939 cni
363 3887 520 3942 addicantur
536 3889 623 3942 talia?
637 3907 709 3961 qute-
755 3905 820 3943 netu
835 3907 914 3962 qnam
929 3891 986 3959 ipse
998 3885 1132 3953 mojorem.

209 3987 271 4021 nom
283 3969 334 4021 elia
349 3967 412 4020 indii
427 3979 559 4042 ptaeceptn
577 3969 632 4024 deri
646 3990 711 4043 pos·
793 3987 835 4022 21.
854 3969 923 4040 Quin
942 3985 989 4039 epo
1011 3963 1133 4014 deminuo
1153 3969 1257 4023 Mi

210 4063 268 4102 sent
282 4051 338 4121 jam
354 4067 408 4101 non
422 4051 532 4121 juveni?
546 4049 626 4103 Senes
641 4051 711 4102 enim
756 4061 806 4101 ete.
817 4047 863 4100 sed
874 4060 900 4098 et
912 4061 989 4098 cures
1003 4059 1074 4096 mens
1087 4040 1172 4106 levet,
1185 4037 1257 4114 quod
