3128 4766
300 365 1340 400 &W

637 545 886 642 ELEGIA
917 547 1002 640 lX.

641 767 702 831 au
726 761 992 830 roarreuu.

766 999 870 1014 m

706 1168 930 1206 anonumum

340 1265 419 1324 Vera
433 1284 464 1323 se
481 1283 581 1344 nuper
598 1260 769 1345 praedixisse
784 1262 916 1322 Pontico
935 1261 1018 1341 (vide
1032 1275 1097 1322 not.
1119 1262 1171 1341 1):
1188 1261 1341 1345 quidquid

299 1357 491 1421 ridebatille
510 1369 574 1415 tam
595 1353 785 1416 confidenter
802 1371 956 1432 amantes,
977 1357 1098 1416 invenit
1117 1371 1147 1418 et
1163 1357 1226 1440 ipse
1243 1359 1341 1418 vicem

299 1477 406 1530 suam,
419 1475 475 1514 nec
491 1452 539 1512 vel
555 1471 646 1512 servae
662 1463 755 1532 negat
776 1453 955 1532 imperantis
973 1449 1050 1512 ferre
1066 1451 1186 1534 jugum.
1206 1455 1341 1514 Certissi-

299 1575 364 1614 mas
377 1555 409 1613 in
420 1550 479 1612 hoc
488 1549 677 1631 conjecturas
689 1570 758 1610 suas
769 1570 847 1625 esse;
863 1551 994 1632 peritum
1009 1549 1098 1610 illum
1112 1553 1183 1613 satis
1196 1554 1342 1612 nimium·

298 1671 359 1730 que
372 1648 456 1709 mala
468 1671 522 1710 sua
538 1648 685 1708 fecerunt.
699 1651 799 1709 Ponat
812 1669 1036 1731 supervacuum
1046 1650 1084 1710 de
1094 1649 1206 1711 Thebis
1218 1671 1341 1712 carmen

299 1746 462 1821 Ponticus3
485 1747 637 1805 Venerem
663 1744 784 1806 dulcem
815 1745 920 1806 decere
951 1745 1051 1822 lenia;
1074 1748 1193 1808 studeat
1221 1761 1342 1808 amator

299 1843 397 1904 factus
410 1861 536 1918 canere,
550 1864 619 1924 quae
633 1856 718 1924 grata
735 1843 844 1925 puellis
856 1844 984 1926 legenda
996 1846 1130 1905 veniant.
1144 1847 1258 1905 Parvus
1271 1848 1342 1926 qui·

298 1939 367 1998 dem
380 1937 526 1999 hactenus
538 1952 569 1998 et
578 1938 652 1998 levis
663 1941 743 2020 ignis
755 1955 798 2012 est
811 1963 817 1998 :
831 1941 885 2000 ubi
897 1941 988 2002 semel
1002 1943 1161 2018 exarserit,
1173 1943 1342 2010 cruciatum

299 2035 423 2096 nullum
435 2035 519 2110 fore,
532 2057 624 2116 quem
637 2057 701 2096 non
712 2035 857 2098 libentius
871 2040 932 2120 pati
948 2039 1040 2100 miser
1050 2041 1163 2122 cupiat.
1178 2041 1239 2100 Nec
1252 2040 1342 2102 dubi·

298 2148 363 2192 tare
371 2132 462 2192 velit:
479 2133 577 2193 acrius
589 2135 683 2193 instat
697 2147 726 2193 et
739 2135 803 2194 urit
814 2133 947 2210 femina,
956 2156 1041 2215 quoe,
1052 2149 1087 2195 ut
1101 2135 1153 2196 illa
1166 2151 1272 2219 parate
1284 2153 1341 2216 est,

299 2229 434 2290 adsiduis
444 2231 504 2290 suis
514 2249 571 2290 nos
581 2229 696 2310 adligat
707 2230 876 2292 blanditiis.
888 2233 1029 2293 Amicum
1042 2230 1184 2294 hortatur
1193 2234 1341 2318 denique,

299 2340 333 2386 ut
347 2329 453 2386 omnia
466 2327 525 2386 sibi
539 2328 674 2408 ingenue
687 2327 829 2389 fateatur.

761 2517 872 2536 *-

345 2615 515 2727 Drcsrau
527 2659 588 2726 tibi
599 2677 758 2727 venturos
771 2712 779 2743 ‚
792 2661 921 2745 irrisor,
935 2686 1084 2746 amores,

392 2777 458 2838 Nec
470 2771 530 2839 tibi
541 2788 704 2864 perpetuo
716 2771 820 2840 libera
831 2773 934 2842 verba
945 2775 1017 2843 fore
1032 2804 1039 2843 :

345 2883 429 2947 Ecce
438 2877 530 2972 jaces
542 2880 752 2976 supplexque
764 2883 858 2948 venis
870 2881 913 2950 ad
922 2880 1000 2975 jura
1012 2885 1149 2979 puellae,

389 2992 430 3056 Et
443 2990 501 3058 tibi
513 3014 605 3058 nunc
617 2994 735 3086 quovis
747 2993 890 3083 imperat
901 3011 990 3062 emta
1001 2997 1114 3065 modo.

345 3105 418 3168 Non
431 3127 485 3170 me
497 3102 652 3170 Chaoniae
664 3103 801 3171 vineant
811 3105 846 3171 in
858 3129 971 3173 amore
984 3106 1148 3174 columbae
1324 3121 1340 3172 5

390 3213 524 3295 Dicere,
538 3236 623 3306 quos
632 3211 773 3304 juvenes
786 3212 1052 3308 quaequepuella
1065 3214 1187 3282 domet.

338 3413 360 3448 1.
376 3397 499 3448 Dicebam
523 3397 569 3449 tibi
587 3409 721 3464 venturos,
743 3410 793 3450 etc.
874 3396 1339 3464 5.ctaonioecotumtae,nodoneum

299 3476 364 3528 Vide
380 3495 430 3530 vss.
455 3477 563 3530 25-26
581 3477 668 3548 elegire
687 3494 719 3547 7,
739 3477 795 3548 quse
840 3475 985 3529 oraculum.
1002 3476 1115 3528 Dodona
1132 3479 1158 3530 in
1175 3480 1256 3550 Epiro
1273 3479 1339 3544 fuit,

299 3558 333 3610 ad
348 3557 469 3610 eumdem
485 3559 623 3610 Ponticum
636 3556 795 3610 inscribitur.
842 3573 921 3627 quam
939 3559 1071 3626 regionem
1093 3569 1234 3610 tenuerunt
1248 3560 1339 3629 priscis

299 3637 429 3690 -Libera
450 3637 541 3704 verba,
558 3635 653 3707 quibus
670 3649 696 3688 te
710 3637 796 3705 jacta·
841 3634 960 3686 aetatibus
979 3633 1109 3686 Chaones.
1129 3636 1166 3686 Ex
1185 3655 1216 3686 co
1235 3636 1340 3706 lingitur

299 3715 347 3768 bas
360 3734 449 3767 amore
462 3714 582 3767 liberum.
842 3731 897 3766 esse
910 3713 970 3766 data
978 3733 1026 3786 per
1038 3713 1174 3768 columbas
1183 3717 1208 3768 in
1221 3716 1340 3772 Dodone

334 3795 360 3846 3.
380 3790 497 3867 Supplex
517 3793 551 3844 ad
563 3795 622 3865 jura
644 3793 745 3859 venire,
768 3805 798 3844 ut
841 3791 901 3844 luco
913 3812 1052 3864 responsa,
1066 3795 1139 3863 quod
1155 3793 1243 3866 lingua
1257 3795 1340 3849 Thes-

299 3873 453 3944 rupplicr'lms
473 3871 569 3944 palmis
590 3874 676 3925 venire
695 3873 729 3924 ad
740 3874 796 3945 foe-
841 3869 1021 3924 salal'eliades
1033 3873 1197 3927 etcolumbae
1210 3890 1236 3928 et
1248 3877 1339 3927 vatici·

195 3985 200 4004 ι
299 3951 374 4016 deta,
392 3953 435 4016 lV,
455 3950 487 4014 8,
504 3953 689 4020 71.-Emta‚
707 3969 797 4020 serra,
841 3952 954 4002 natrices
967 3965 1103 4004 vocantur.
1119 3953 1221 4006 Servius
1234 3953 1268 4005 nd
1282 3949 1340 4005 Vir·

298 4049 331 4080 nc
346 4031 459 4098 ingenua
470 4029 585 4102 quidem.
841 4029 886 4099 git.
901 4029 983 4100 eclog.
999 4031 1048 4098 tx,
1064 4031 1103 4082 13.
