<?xml version="1.0" encoding="UTF-8"?>
<!DOCTYPE html PUBLIC "-//W3C//DTD XHTML 1.0 Transitional//EN"
    "http://www.w3.org/TR/xhtml1/DTD/xhtml1-transitional.dtd">
<html xmlns="http://www.w3.org/1999/xhtml" xml:lang="en" lang="en">
 <head>
  <title>
</title>
<meta http-equiv="Content-Type" content="text/html;charset=utf-8" />
  <meta name='ocr-system' content='tesseract 3.04.00' />
  <meta name='ocr-capabilities' content='ocr_page ocr_carea ocr_par ocr_line ocrx_word'/>
</head>
<body>
  <div class='ocr_page' id='page_1' title='image "./sextiaureliipro00propgoog_0205.png"; bbox 0 0 3122 4756; ppageno 0'>
   <div class='ocr_carea' id='block_1_1' title="bbox 503 280 1249 378">
    <p class='ocr_par' dir='ltr' id='par_1_1' title="bbox 503 280 1249 378">
     <span class='ocr_line' id='line_1_1' title="bbox 503 280 1249 378; baseline 0.013 -34"><span class='ocrx_word' id='word_1_1' title='bbox 503 280 766 346; x_wconf 87' lang='lat' dir='ltr'>PROPERTII</span> <span class='ocrx_word' id='word_1_2' title='bbox 790 282 878 346; x_wconf 84' lang='lat' dir='ltr'>LIB.</span> <span class='ocrx_word' id='word_1_3' title='bbox 905 283 953 348; x_wconf 92' lang='lat'>11.</span> <span class='ocrx_word' id='word_1_4' title='bbox 1187 291 1249 378; x_wconf 82' lang='lat'>193</span> 
     </span>
    </p>
   </div>
   <div class='ocr_carea' id='block_1_2' title="bbox 251 399 1263 1932">
    <p class='ocr_par' dir='ltr' id='par_1_2' title="bbox 251 399 1252 606">
     <span class='ocr_line' id='line_1_2' title="bbox 251 399 1252 492; baseline 0.006 -18"><span class='ocrx_word' id='word_1_5' title='bbox 251 403 352 492; x_wconf 91' lang='lat' dir='ltr'>Quod</span> <span class='ocrx_word' id='word_1_6' title='bbox 364 405 394 472; x_wconf 91' lang='lat' dir='ltr'>si</span> <span class='ocrx_word' id='word_1_7' title='bbox 405 403 563 472; x_wconf 82' lang='lat' dir='ltr'>deficiunt</span> <span class='ocrx_word' id='word_1_8' title='bbox 574 405 681 487; x_wconf 86' lang='lat' dir='ltr'>vires,</span> <span class='ocrx_word' id='word_1_9' title='bbox 696 399 836 473; x_wconf 85' lang='lat' dir='ltr'>audacia</span> <span class='ocrx_word' id='word_1_10' title='bbox 849 422 940 473; x_wconf 85' lang='lat' dir='ltr'>certe</span> <span class='ocrx_word' id='word_1_11' title='bbox 1236 427 1252 480; x_wconf 85' lang='lat'>5</span> 
     </span>
     <span class='ocr_line' id='line_1_3' title="bbox 298 513 1014 606; baseline 0.003 -24"><span class='ocrx_word' id='word_1_12' title='bbox 298 519 387 582; x_wconf 88' lang='lat' dir='ltr'>Laus</span> <span class='ocrx_word' id='word_1_13' title='bbox 399 517 480 582; x_wconf 87' lang='lat' dir='ltr'>erit:</span> <span class='ocrx_word' id='word_1_14' title='bbox 496 516 533 580; x_wconf 93' lang='lat' dir='ltr'>in</span> <span class='ocrx_word' id='word_1_15' title='bbox 543 515 676 606; x_wconf 71' lang='lat' dir='ltr'>magnis</span> <span class='ocrx_word' id='word_1_16' title='bbox 688 529 722 583; x_wconf 89' lang='lat' dir='ltr'>et</span> <span class='ocrx_word' id='word_1_17' title='bbox 732 513 879 583; x_wconf 86' lang='lat' dir='ltr'>voluisse</span> <span class='ocrx_word' id='word_1_18' title='bbox 891 531 944 584; x_wconf 84' lang='lat' dir='ltr'>sut</span> <span class='ocrx_word' id='word_1_19' title='bbox 953 533 1014 586; x_wconf 86' lang='lat' dir='ltr'>est.</span> 
     </span>
    </p>

    <p class='ocr_par' dir='ltr' id='par_1_3' title="bbox 252 627 1114 830">
     <span class='ocr_line' id='line_1_4' title="bbox 252 627 1112 720; baseline 0.002 -24"><span class='ocrx_word' id='word_1_20' title='bbox 252 631 341 696; x_wconf 84' lang='lat' dir='ltr'>AEtas</span> <span class='ocrx_word' id='word_1_21' title='bbox 353 627 464 720; x_wconf 81' lang='lat' dir='ltr'>prima</span> <span class='ocrx_word' id='word_1_22' title='bbox 475 639 574 694; x_wconf 86' lang='lat' dir='ltr'>canat</span> <span class='ocrx_word' id='word_1_23' title='bbox 585 630 753 706; x_wconf 81' lang='lat' dir='ltr'>Veneres,</span> <span class='ocrx_word' id='word_1_24' title='bbox 766 643 914 694; x_wconf 82' lang='lat' dir='ltr'>extrema</span> <span class='ocrx_word' id='word_1_25' title='bbox 928 628 1112 699; x_wconf 77' lang='lat' dir='ltr'>tumuitusz</span> 
     </span>
     <span class='ocr_line' id='line_1_5' title="bbox 298 734 1114 830; baseline 0.006 -27"><span class='ocrx_word' id='word_1_26' title='bbox 298 735 390 804; x_wconf 82' lang='lat' dir='ltr'>Bella</span> <span class='ocrx_word' id='word_1_27' title='bbox 402 754 537 818; x_wconf 81' lang='lat' dir='ltr'>conam,</span> <span class='ocrx_word' id='word_1_28' title='bbox 553 734 689 830; x_wconf 80' lang='lat' dir='ltr'>quando</span> <span class='ocrx_word' id='word_1_29' title='bbox 702 737 826 830; x_wconf 81' lang='lat' dir='ltr'>scripta</span> <span class='ocrx_word' id='word_1_30' title='bbox 837 735 951 830; x_wconf 80' lang='lat' dir='ltr'>puelia</span> <span class='ocrx_word' id='word_1_31' title='bbox 964 761 1038 806; x_wconf 85' lang='lat' dir='ltr'>mea</span> <span class='ocrx_word' id='word_1_32' title='bbox 1052 757 1114 808; x_wconf 88' lang='lat' dir='ltr'>est.</span> 
     </span>
    </p>

    <p class='ocr_par' dir='ltr' id='par_1_4' title="bbox 252 842 1258 1028">
     <span class='ocr_line' id='line_1_6' title="bbox 252 842 1089 940; baseline 0.002 -26"><span class='ocrx_word' id='word_1_33' title='bbox 252 849 352 914; x_wconf 82' lang='lat' dir='ltr'>Nune</span> <span class='ocrx_word' id='word_1_34' title='bbox 365 844 443 916; x_wconf 82' lang='lat' dir='ltr'>volo</span> <span class='ocrx_word' id='word_1_35' title='bbox 455 842 623 914; x_wconf 84' lang='lat' dir='ltr'>subducto</span> <span class='ocrx_word' id='word_1_36' title='bbox 634 847 769 938; x_wconf 74' lang='lat' dir='ltr'>gravior</span> <span class='ocrx_word' id='word_1_37' title='bbox 781 846 964 940; x_wconf 84' lang='lat' dir='ltr'>procedere</span> <span class='ocrx_word' id='word_1_38' title='bbox 977 848 1089 933; x_wconf 81' lang='lat' dir='ltr'>vultu;</span> 
     </span>
     <span class='ocr_line' id='line_1_7' title="bbox 299 953 1258 1028; baseline 0.005 -5"><span class='ocrx_word' id='word_1_39' title='bbox 299 960 398 1024; x_wconf 86' lang='lat' dir='ltr'>Nunc</span> <span class='ocrx_word' id='word_1_40' title='bbox 410 955 511 1024; x_wconf 83' lang='lat' dir='ltr'>aliam</span> <span class='ocrx_word' id='word_1_41' title='bbox 522 953 686 1024; x_wconf 85' lang='lat' dir='ltr'>citharam</span> <span class='ocrx_word' id='word_1_42' title='bbox 698 980 753 1024; x_wconf 91' lang='lat' dir='ltr'>me</span> <span class='ocrx_word' id='word_1_43' title='bbox 765 981 841 1026; x_wconf 88' lang='lat' dir='ltr'>mea</span> <span class='ocrx_word' id='word_1_44' title='bbox 852 963 953 1028; x_wconf 84' lang='lat' dir='ltr'>Musa</span> <span class='ocrx_word' id='word_1_45' title='bbox 962 959 1072 1027; x_wconf 88' lang='lat' dir='ltr'>docet.</span> <span class='ocrx_word' id='word_1_46' title='bbox 1226 993 1258 1028; x_wconf 83' lang='lat' dir='ltr'>to</span> 
     </span>
    </p>

    <p class='ocr_par' dir='ltr' id='par_1_5' title="bbox 253 1065 1248 1272">
     <span class='ocr_line' id='line_1_8' title="bbox 253 1065 1248 1160; baseline 0.005 -24"><span class='ocrx_word' id='word_1_47' title='bbox 253 1069 374 1160; x_wconf 75' lang='lat' dir='ltr'>Surge,</span> <span class='ocrx_word' id='word_1_48' title='bbox 386 1069 516 1148; x_wconf 85' lang='lat' dir='ltr'>anime,</span> <span class='ocrx_word' id='word_1_49' title='bbox 529 1089 570 1134; x_wconf 91' lang='lat' dir='ltr'>ex</span> <span class='ocrx_word' id='word_1_50' title='bbox 583 1065 721 1148; x_wconf 80' lang='lat' dir='ltr'>humili3</span> <span class='ocrx_word' id='word_1_51' title='bbox 734 1065 825 1160; x_wconf 85' lang='lat' dir='ltr'>jam,</span> <span class='ocrx_word' id='word_1_52' title='bbox 838 1071 1002 1155; x_wconf 83' lang='lat' dir='ltr'>earmina,</span> <span class='ocrx_word' id='word_1_53' title='bbox 1016 1073 1138 1140; x_wconf 89' lang='lat' dir='ltr'>sumite</span> <span class='ocrx_word' id='word_1_54' title='bbox 1149 1075 1248 1141; x_wconf 88' lang='lat' dir='ltr'>vires.</span> 
     </span>
     <span class='ocr_line' id='line_1_9' title="bbox 300 1176 959 1272; baseline 0.005 -27"><span class='ocrx_word' id='word_1_55' title='bbox 300 1176 462 1258; x_wconf 83' lang='lat' dir='ltr'>Pierides,</span> <span class='ocrx_word' id='word_1_56' title='bbox 475 1179 588 1270; x_wconf 76' lang='lat' dir='ltr'>magni</span> <span class='ocrx_word' id='word_1_57' title='bbox 600 1201 693 1246; x_wconf 89' lang='lat' dir='ltr'>nunc</span> <span class='ocrx_word' id='word_1_58' title='bbox 704 1180 767 1246; x_wconf 88' lang='lat' dir='ltr'>erit</span> <span class='ocrx_word' id='word_1_59' title='bbox 779 1181 847 1246; x_wconf 89' lang='lat' dir='ltr'>oris</span> <span class='ocrx_word' id='word_1_60' title='bbox 861 1203 959 1272; x_wconf 86' lang='lat' dir='ltr'>opus.</span> 
     </span>
    </p>

    <p class='ocr_par' dir='ltr' id='par_1_6' title="bbox 255 1286 1099 1485">
     <span class='ocr_line' id='line_1_10' title="bbox 255 1286 1099 1382; baseline 0.005 -27"><span class='ocrx_word' id='word_1_61' title='bbox 255 1291 332 1356; x_wconf 86' lang='lat' dir='ltr'>Jam</span> <span class='ocrx_word' id='word_1_62' title='bbox 342 1302 443 1380; x_wconf 76' lang='lat' dir='ltr'>negat</span> <span class='ocrx_word' id='word_1_63' title='bbox 454 1286 642 1380; x_wconf 81' lang='lat' dir='ltr'>Euphrates</span> <span class='ocrx_word' id='word_1_64' title='bbox 654 1290 803 1382; x_wconf 85' lang='lat' dir='ltr'>equitem</span> <span class='ocrx_word' id='word_1_65' title='bbox 815 1304 892 1380; x_wconf 86' lang='lat' dir='ltr'>post</span> <span class='ocrx_word' id='word_1_66' title='bbox 904 1304 1000 1382; x_wconf 75' lang='lat' dir='ltr'>terga</span> <span class='ocrx_word' id='word_1_67' title='bbox 1011 1293 1099 1360; x_wconf 88' lang='lat' dir='ltr'>tueri</span> 
     </span>
     <span class='ocr_line' id='line_1_11' title="bbox 302 1395 1047 1485; baseline 0.005 -21"><span class='ocrx_word' id='word_1_68' title='bbox 302 1395 520 1479; x_wconf 83' lang='lat' dir='ltr'>Parthorum,</span> <span class='ocrx_word' id='word_1_69' title='bbox 533 1413 566 1464; x_wconf 87' lang='lat' dir='ltr'>et</span> <span class='ocrx_word' id='word_1_70' title='bbox 576 1401 715 1485; x_wconf 80' lang='lat' dir='ltr'>Crassos</span> <span class='ocrx_word' id='word_1_71' title='bbox 728 1420 764 1464; x_wconf 92' lang='lat' dir='ltr'>se</span> <span class='ocrx_word' id='word_1_72' title='bbox 776 1401 924 1466; x_wconf 87' lang='lat' dir='ltr'>tenuisse</span> <span class='ocrx_word' id='word_1_73' title='bbox 936 1398 1047 1468; x_wconf 91' lang='lat' dir='ltr'>dolet:</span> 
     </span>
    </p>

    <p class='ocr_par' dir='ltr' id='par_1_7' title="bbox 257 1504 1263 1715">
     <span class='ocr_line' id='line_1_12' title="bbox 257 1504 1263 1602; baseline 0.003 -28"><span class='ocrx_word' id='word_1_74' title='bbox 257 1505 354 1574; x_wconf 84' lang='lat' dir='ltr'>india</span> <span class='ocrx_word' id='word_1_75' title='bbox 366 1509 464 1600; x_wconf 92' lang='lat' dir='ltr'>quin,</span> <span class='ocrx_word' id='word_1_76' title='bbox 477 1512 643 1598; x_wconf 79' lang='lat' dir='ltr'>Auguste,</span> <span class='ocrx_word' id='word_1_77' title='bbox 656 1520 715 1571; x_wconf 93' lang='lat' dir='ltr'>tuo</span> <span class='ocrx_word' id='word_1_78' title='bbox 727 1504 786 1572; x_wconf 83' lang='lat' dir='ltr'>dut</span> <span class='ocrx_word' id='word_1_79' title='bbox 796 1505 883 1573; x_wconf 85' lang='lat' dir='ltr'>colla</span> <span class='ocrx_word' id='word_1_80' title='bbox 896 1507 1087 1602; x_wconf 89' lang='lat' dir='ltr'>triumpho,</span> <span class='ocrx_word' id='word_1_81' title='bbox 1233 1527 1263 1578; x_wconf 84' lang='lat'>15</span> 
     </span>
     <span class='ocr_line' id='line_1_13' title="bbox 302 1615 957 1715; baseline 0.002 -31"><span class='ocrx_word' id='word_1_82' title='bbox 302 1619 347 1684; x_wconf 84' lang='lat' dir='ltr'>Et</span> <span class='ocrx_word' id='word_1_83' title='bbox 358 1615 480 1688; x_wconf 87' lang='lat' dir='ltr'>domus</span> <span class='ocrx_word' id='word_1_84' title='bbox 492 1618 625 1684; x_wconf 71' lang='lat' dir='ltr'>intacto</span> <span class='ocrx_word' id='word_1_85' title='bbox 637 1632 670 1684; x_wconf 87' lang='lat' dir='ltr'>te</span> <span class='ocrx_word' id='word_1_86' title='bbox 685 1617 798 1684; x_wconf 88' lang='lat' dir='ltr'>tremit</span> <span class='ocrx_word' id='word_1_87' title='bbox 808 1616 957 1715; x_wconf 74' lang='lat' dir='ltr'>Ambiae3</span> 
     </span>
    </p>

    <p class='ocr_par' dir='ltr' id='par_1_8' title="bbox 258 1725 1044 1932">
     <span class='ocr_line' id='line_1_14' title="bbox 258 1725 1028 1822; baseline 0 -26"><span class='ocrx_word' id='word_1_88' title='bbox 258 1731 301 1796; x_wconf 90' lang='lat' dir='ltr'>Et</span> <span class='ocrx_word' id='word_1_89' title='bbox 312 1729 341 1796; x_wconf 92' lang='lat' dir='ltr'>si</span> <span class='ocrx_word' id='word_1_90' title='bbox 353 1751 420 1822; x_wconf 87' lang='lat' dir='ltr'>qua</span> <span class='ocrx_word' id='word_1_91' title='bbox 433 1729 591 1795; x_wconf 84' lang='lat' dir='ltr'>extremis</span> <span class='ocrx_word' id='word_1_92' title='bbox 600 1725 702 1794; x_wconf 87' lang='lat' dir='ltr'>tellus</span> <span class='ocrx_word' id='word_1_93' title='bbox 713 1749 751 1794; x_wconf 89' lang='lat' dir='ltr'>se</span> <span class='ocrx_word' id='word_1_94' title='bbox 763 1725 930 1796; x_wconf 83' lang='lat' dir='ltr'>subtrahit</span> <span class='ocrx_word' id='word_1_95' title='bbox 941 1730 1028 1812; x_wconf 90' lang='lat' dir='ltr'>oris,</span> 
     </span>
     <span class='ocr_line' id='line_1_15' title="bbox 304 1828 1044 1932; baseline 0 -24"><span class='ocrx_word' id='word_1_96' title='bbox 304 1840 431 1908; x_wconf 84' lang='lat' dir='ltr'>Sentiat</span> <span class='ocrx_word' id='word_1_97' title='bbox 442 1837 498 1906; x_wconf 84' lang='lat' dir='ltr'>illa</span> <span class='ocrx_word' id='word_1_98' title='bbox 510 1855 587 1907; x_wconf 84' lang='lat' dir='ltr'>tuas</span> <span class='ocrx_word' id='word_1_99' title='bbox 598 1851 676 1932; x_wconf 86' lang='lat' dir='ltr'>post</span> <span class='ocrx_word' id='word_1_100' title='bbox 687 1836 787 1906; x_wconf 88' lang='lat' dir='ltr'>modo</span> <span class='ocrx_word' id='word_1_101' title='bbox 802 1856 901 1932; x_wconf 84' lang='lat' dir='ltr'>capta</span> <span class='ocrx_word' id='word_1_102' title='bbox 910 1828 1044 1908; x_wconf 58' lang='lat' dir='ltr'>munus}</span> 
     </span>
    </p>
   </div>
   <div class='ocr_carea' id='block_1_3' title="bbox 209 2054 1311 4029">
    <p class='ocr_par' dir='ltr' id='par_1_9' title="bbox 213 2054 1271 2443">
     <span class='ocr_line' id='line_1_16' title="bbox 248 2054 1268 2128; baseline 0.004 -18"><span class='ocrx_word' id='word_1_103' title='bbox 248 2071 273 2128; x_wconf 87' lang='lat'>7.</span> <span class='ocrx_word' id='word_1_104' title='bbox 288 2054 430 2110; x_wconf 77' lang='lat' dir='ltr'>Tumultus</span> <span class='ocrx_word' id='word_1_105' title='bbox 442 2073 492 2128; x_wconf 85' lang='lat' dir='ltr'>pro</span> <span class='ocrx_word' id='word_1_106' title='bbox 503 2054 585 2122; x_wconf 88' lang='lat' dir='ltr'>helio,</span> <span class='ocrx_word' id='word_1_107' title='bbox 597 2069 627 2107; x_wconf 91' lang='lat' dir='ltr'>ut</span> <span class='ocrx_word' id='word_1_108' title='bbox 638 2057 677 2125; x_wconf 84' lang='lat'>11,</span> <span class='ocrx_word' id='word_1_109' title='bbox 691 2071 719 2122; x_wconf 85' lang='lat' dir='ltr'>t,</span> <span class='ocrx_word' id='word_1_110' title='bbox 764 2073 804 2110; x_wconf 91' lang='lat' dir='ltr'>ro.</span> <span class='ocrx_word' id='word_1_111' title='bbox 816 2055 883 2108; x_wconf 85' lang='lat' dir='ltr'>Vide</span> <span class='ocrx_word' id='word_1_112' title='bbox 894 2057 1027 2127; x_wconf 83' lang='lat' dir='ltr'>Propertii</span> <span class='ocrx_word' id='word_1_113' title='bbox 1038 2057 1125 2110; x_wconf 87' lang='lat' dir='ltr'>Vitam</span> <span class='ocrx_word' id='word_1_114' title='bbox 1140 2058 1268 2114; x_wconf 87' lang='lat' dir='ltr'>Chronoi.</span> 
     </span>
     <span class='ocr_line' id='line_1_17' title="bbox 215 2131 1271 2211; baseline 0.008 -25"><span class='ocrx_word' id='word_1_115' title='bbox 215 2135 311 2203; x_wconf 74' lang='lat'>39311,</span> <span class='ocrx_word' id='word_1_116' title='bbox 329 2152 372 2206; x_wconf 80' lang='lat'>27,</span> <span class='ocrx_word' id='word_1_117' title='bbox 384 2135 480 2204; x_wconf 76' lang='lat'>73111,</span> <span class='ocrx_word' id='word_1_118' title='bbox 496 2131 537 2199; x_wconf 81' lang='lat'>15,</span> <span class='ocrx_word' id='word_1_119' title='bbox 554 2134 720 2204; x_wconf 79' lang='lat' dir='ltr'>r.-Quon·</span> <span class='ocrx_word' id='word_1_120' title='bbox 765 2135 815 2187; x_wconf 82' lang='lat' dir='ltr'>sub</span> <span class='ocrx_word' id='word_1_121' title='bbox 825 2145 887 2188; x_wconf 81' lang='lat' dir='ltr'>sno.</span> <span class='ocrx_word' id='word_1_122' title='bbox 901 2137 961 2204; x_wconf 84' lang='lat'>730.</span> <span class='ocrx_word' id='word_1_123' title='bbox 976 2138 1110 2208; x_wconf 68' lang='lat' dir='ltr'>-quot</span> <span class='ocrx_word' id='word_1_124' title='bbox 1127 2139 1271 2211; x_wconf 75' lang='lat' dir='ltr'>Euphrates</span> 
     </span>
     <span class='ocr_line' id='line_1_18' title="bbox 213 2211 1270 2290; baseline 0.007 -26"><span class='ocrx_word' id='word_1_125' title='bbox 213 2213 256 2267; x_wconf 90' lang='lat' dir='ltr'>do.</span> <span class='ocrx_word' id='word_1_126' title='bbox 279 2215 386 2266; x_wconf 75' lang='lat' dir='ltr'>Frustra</span> <span class='ocrx_word' id='word_1_127' title='bbox 402 2211 612 2286; x_wconf 81' lang='lat' dir='ltr'>quondoquidem</span> <span class='ocrx_word' id='word_1_128' title='bbox 627 2211 721 2266; x_wconf 79' lang='lat' dir='ltr'>volunt</span> <span class='ocrx_word' id='word_1_129' title='bbox 764 2215 877 2290; x_wconf 74' lang='lat' dir='ltr'>equitem</span> <span class='ocrx_word' id='word_1_130' title='bbox 890 2212 1048 2264; x_wconf 79' lang='lat' dir='ltr'>Parthorum</span> <span class='ocrx_word' id='word_1_131' title='bbox 1058 2224 1118 2284; x_wconf 76' lang='lat' dir='ltr'>post</span> <span class='ocrx_word' id='word_1_132' title='bbox 1130 2227 1200 2288; x_wconf 70' lang='lat' dir='ltr'>terpa</span> <span class='ocrx_word' id='word_1_133' title='bbox 1216 2229 1270 2270; x_wconf 77' lang='lat' dir='ltr'>tue·</span> 
     </span>
     <span class='ocr_line' id='line_1_19' title="bbox 214 2290 1270 2364; baseline 0.004 -18"><span class='ocrx_word' id='word_1_134' title='bbox 214 2311 279 2346; x_wconf 87' lang='lat' dir='ltr'>esse.</span> <span class='ocrx_word' id='word_1_135' title='bbox 291 2293 372 2359; x_wconf 83' lang='lat' dir='ltr'>iieiia,</span> <span class='ocrx_word' id='word_1_136' title='bbox 382 2295 478 2364; x_wconf 86' lang='lat' dir='ltr'>inquit,</span> <span class='ocrx_word' id='word_1_137' title='bbox 486 2291 627 2348; x_wconf 74' lang='lat' dir='ltr'>celebrabo</span> <span class='ocrx_word' id='word_1_138' title='bbox 639 2309 719 2360; x_wconf 87' lang='lat' dir='ltr'>nuno,</span> <span class='ocrx_word' id='word_1_139' title='bbox 760 2291 798 2342; x_wconf 69' lang='lat' dir='ltr'>ri.</span> <span class='ocrx_word' id='word_1_140' title='bbox 809 2291 925 2358; x_wconf 75' lang='lat' dir='ltr'>Quasito</span> <span class='ocrx_word' id='word_1_141' title='bbox 938 2303 965 2342; x_wconf 90' lang='lat' dir='ltr'>et</span> <span class='ocrx_word' id='word_1_142' title='bbox 977 2290 1094 2343; x_wconf 84' lang='lat' dir='ltr'>&#39;obscuro</span> <span class='ocrx_word' id='word_1_143' title='bbox 1109 2309 1188 2346; x_wconf 84' lang='lat' dir='ltr'>sensu</span> <span class='ocrx_word' id='word_1_144' title='bbox 1202 2315 1270 2350; x_wconf 91' lang='lat' dir='ltr'>con·</span> 
     </span>
     <span class='ocr_line' id='line_1_20' title="bbox 213 2367 1269 2443; baseline 0.005 -20"><span class='ocrx_word' id='word_1_145' title='bbox 213 2371 262 2424; x_wconf 87' lang='lat' dir='ltr'>nbi</span> <span class='ocrx_word' id='word_1_146' title='bbox 272 2373 371 2443; x_wconf 85' lang='lat' dir='ltr'>scripta</span> <span class='ocrx_word' id='word_1_147' title='bbox 384 2385 444 2424; x_wconf 85' lang='lat' dir='ltr'>aute</span> <span class='ocrx_word' id='word_1_148' title='bbox 454 2369 542 2443; x_wconf 80' lang='lat' dir='ltr'>puelia</span> <span class='ocrx_word' id='word_1_149' title='bbox 555 2389 613 2424; x_wconf 90' lang='lat' dir='ltr'>mea</span> <span class='ocrx_word' id='word_1_150' title='bbox 626 2385 674 2423; x_wconf 76' lang='lat' dir='ltr'>est.</span> <span class='ocrx_word' id='word_1_151' title='bbox 766 2367 947 2440; x_wconf 77' lang='lat' dir='ltr'>ceputrohoo,</span> <span class='ocrx_word' id='word_1_152' title='bbox 959 2383 989 2422; x_wconf 85' lang='lat' dir='ltr'>ut</span> <span class='ocrx_word' id='word_1_153' title='bbox 1001 2370 1122 2423; x_wconf 86' lang='lat' dir='ltr'>aiiasunt</span> <span class='ocrx_word' id='word_1_154' title='bbox 1131 2375 1269 2429; x_wconf 83' lang='lat' dir='ltr'>innumera</span> 
     </span>
    </p>

    <p class='ocr_par' dir='ltr' id='par_1_10' title="bbox 209 2447 1270 2844">
     <span class='ocr_line' id='line_1_21' title="bbox 248 2447 1270 2524; baseline 0.003 -20"><span class='ocrx_word' id='word_1_155' title='bbox 248 2467 275 2522; x_wconf 86' lang='lat'>9.</span> <span class='ocrx_word' id='word_1_156' title='bbox 284 2447 431 2504; x_wconf 81' lang='lat' dir='ltr'>Subduetus</span> <span class='ocrx_word' id='word_1_157' title='bbox 439 2450 679 2517; x_wconf 53' lang='lat' dir='ltr'>mttoomuuems,</span> <span class='ocrx_word' id='word_1_158' title='bbox 690 2451 721 2501; x_wconf 86' lang='lat' dir='ltr'>ri·</span> <span class='ocrx_word' id='word_1_159' title='bbox 764 2449 902 2520; x_wconf 81' lang='lat' dir='ltr'>Propertii.</span> <span class='ocrx_word' id='word_1_160' title='bbox 915 2448 1016 2520; x_wconf 69' lang='lat' dir='ltr'>Negat,</span> <span class='ocrx_word' id='word_1_161' title='bbox 1029 2452 1130 2522; x_wconf 90' lang='lat' dir='ltr'>inquit,</span> <span class='ocrx_word' id='word_1_162' title='bbox 1147 2453 1270 2524; x_wconf 82' lang='lat' dir='ltr'>Euphra·</span> 
     </span>
     <span class='ocr_line' id='line_1_22' title="bbox 213 2524 1268 2603; baseline 0.001 -19"><span class='ocrx_word' id='word_1_163' title='bbox 213 2529 358 2603; x_wconf 68' lang='lat' dir='ltr'>gidus‚qni</span> <span class='ocrx_word' id='word_1_164' title='bbox 371 2545 476 2602; x_wconf 86' lang='lat' dir='ltr'>poetam</span> <span class='ocrx_word' id='word_1_165' title='bbox 487 2544 561 2583; x_wconf 87' lang='lat' dir='ltr'>notet</span> <span class='ocrx_word' id='word_1_166' title='bbox 571 2543 720 2583; x_wconf 81' lang='lat' dir='ltr'>versantem</span> <span class='ocrx_word' id='word_1_167' title='bbox 763 2535 808 2577; x_wconf 77' lang='lat' dir='ltr'>tes</span> <span class='ocrx_word' id='word_1_168' title='bbox 827 2524 927 2578; x_wconf 63' lang='lat' dir='ltr'>beilum</span> <span class='ocrx_word' id='word_1_169' title='bbox 942 2527 999 2596; x_wconf 74' lang='lat' dir='ltr'>jum</span> <span class='ocrx_word' id='word_1_170' title='bbox 1019 2526 1117 2583; x_wconf 74' lang='lat' dir='ltr'>audere</span> <span class='ocrx_word' id='word_1_171' title='bbox 1137 2530 1268 2598; x_wconf 76' lang='lat' dir='ltr'>Parthoe5</span> 
     </span>
     <span class='ocr_line' id='line_1_23' title="bbox 214 2605 1269 2680; baseline 0.006 -20"><span class='ocrx_word' id='word_1_172' title='bbox 214 2613 298 2680; x_wconf 77' lang='lat' dir='ltr'>epioe.</span> <span class='ocrx_word' id='word_1_173' title='bbox 311 2606 457 2662; x_wconf 76' lang='lat' dir='ltr'>Adductum</span> <span class='ocrx_word' id='word_1_174' title='bbox 471 2608 536 2661; x_wconf 76' lang='lat' dir='ltr'>dieis</span> <span class='ocrx_word' id='word_1_175' title='bbox 546 2609 646 2662; x_wconf 77' lang='lat' dir='ltr'>Tiberii</span> <span class='ocrx_word' id='word_1_176' title='bbox 659 2609 721 2660; x_wconf 82' lang='lat' dir='ltr'>vui·</span> <span class='ocrx_word' id='word_1_177' title='bbox 765 2615 878 2680; x_wconf 72' lang='lat' dir='ltr'>quorum</span> <span class='ocrx_word' id='word_1_178' title='bbox 889 2605 1039 2659; x_wconf 79' lang='lat' dir='ltr'>simulatum</span> <span class='ocrx_word' id='word_1_179' title='bbox 1051 2610 1141 2679; x_wconf 73' lang='lat' dir='ltr'>fugam</span> <span class='ocrx_word' id='word_1_180' title='bbox 1153 2623 1177 2662; x_wconf 87' lang='lat' dir='ltr'>et</span> <span class='ocrx_word' id='word_1_181' title='bbox 1188 2626 1269 2666; x_wconf 85' lang='lat' dir='ltr'>retro·</span> 
     </span>
     <span class='ocr_line' id='line_1_24' title="bbox 215 2685 1267 2754; baseline 0.007 -15"><span class='ocrx_word' id='word_1_182' title='bbox 215 2697 270 2739; x_wconf 81' lang='lat' dir='ltr'>tum</span> <span class='ocrx_word' id='word_1_183' title='bbox 281 2685 504 2754; x_wconf 74' lang='lat' dir='ltr'>Suetonius,Tib.</span> <span class='ocrx_word' id='word_1_184' title='bbox 515 2689 551 2741; x_wconf 82' lang='grc'>68</span> <span class='ocrx_word' id='word_1_185' title='bbox 562 2707 570 2748; x_wconf 73' lang='lat'><em>3</em></span> <span class='ocrx_word' id='word_1_186' title='bbox 582 2689 718 2740; x_wconf 75' lang='lat' dir='ltr'>ohduatmu</span> <span class='ocrx_word' id='word_1_187' title='bbox 764 2699 841 2738; x_wconf 75' lang='lat' dir='ltr'>terso</span> <span class='ocrx_word' id='word_1_188' title='bbox 861 2687 937 2738; x_wconf 81' lang='lat' dir='ltr'>initu·</span> <span class='ocrx_word' id='word_1_189' title='bbox 952 2691 1032 2741; x_wconf 83' lang='lat' dir='ltr'>missa</span> <span class='ocrx_word' id='word_1_190' title='bbox 1048 2689 1099 2742; x_wconf 85' lang='lat' dir='ltr'>teia</span> <span class='ocrx_word' id='word_1_191' title='bbox 1118 2693 1267 2748; x_wconf 84' lang='lat' dir='ltr'>meministi.</span> 
     </span>
     <span class='ocr_line' id='line_1_25' title="bbox 209 2763 1269 2844; baseline 0.008 -27"><span class='ocrx_word' id='word_1_192' title='bbox 209 2767 328 2837; x_wconf 73' lang='lat' dir='ltr'>frontem</span> <span class='ocrx_word' id='word_1_193' title='bbox 344 2766 494 2832; x_wconf 78' lang='lat' dir='ltr'>iuvenalis,</span> <span class='ocrx_word' id='word_1_194' title='bbox 511 2779 559 2818; x_wconf 85' lang='lat' dir='ltr'>set.</span> <span class='ocrx_word' id='word_1_195' title='bbox 574 2768 628 2831; x_wconf 82' lang='lat' dir='ltr'>tx,</span> <span class='ocrx_word' id='word_1_196' title='bbox 647 2785 670 2819; x_wconf 82' lang='lat'>2.</span> <span class='ocrx_word' id='word_1_197' title='bbox 763 2763 830 2816; x_wconf 83' lang='lat' dir='ltr'>Vide</span> <span class='ocrx_word' id='word_1_198' title='bbox 848 2765 899 2830; x_wconf 80' lang='lat' dir='ltr'>nt,</span> <span class='ocrx_word' id='word_1_199' title='bbox 916 2781 950 2834; x_wconf 88' lang='lat'>9,</span> <span class='ocrx_word' id='word_1_200' title='bbox 964 2765 1008 2832; x_wconf 72' lang='lat'>54.</span> <span class='ocrx_word' id='word_1_201' title='bbox 1021 2795 1058 2807; x_wconf 91' lang='lat'>-</span> <span class='ocrx_word' id='word_1_202' title='bbox 1079 2767 1200 2822; x_wconf 81' lang='lat' dir='ltr'>Tenuisse</span> <span class='ocrx_word' id='word_1_203' title='bbox 1218 2793 1269 2844; x_wconf 90' lang='lat' dir='ltr'>pro</span> 
     </span>
    </p>

    <p class='ocr_par' dir='ltr' id='par_1_11' title="bbox 215 2845 1270 3545">
     <span class='ocr_line' id='line_1_26' title="bbox 255 2845 1267 2919; baseline 0.002 -22"><span class='ocrx_word' id='word_1_204' title='bbox 255 2861 282 2898; x_wconf 78' lang='lat' dir='ltr'>tt</span> <span class='ocrx_word' id='word_1_205' title='bbox 289 2856 300 2898; x_wconf 88' lang='lat'>.&#39;</span> <span class='ocrx_word' id='word_1_206' title='bbox 310 2845 405 2918; x_wconf 70' lang='lat' dir='ltr'>Serpa,</span> <span class='ocrx_word' id='word_1_207' title='bbox 415 2845 517 2910; x_wconf 77' lang='lat' dir='ltr'>anime,</span> <span class='ocrx_word' id='word_1_208' title='bbox 528 2859 579 2896; x_wconf 86' lang='lat' dir='ltr'>etc.</span> <span class='ocrx_word' id='word_1_209' title='bbox 588 2845 684 2896; x_wconf 80' lang='lat' dir='ltr'>Anime</span> <span class='ocrx_word' id='word_1_210' title='bbox 692 2857 718 2896; x_wconf 85' lang='lat' dir='ltr'>et</span> <span class='ocrx_word' id='word_1_211' title='bbox 729 2909 732 2916; x_wconf 37' lang='grc' dir='ltr'>Ι</span> <span class='ocrx_word' id='word_1_212' title='bbox 763 2856 852 2895; x_wconf 85' lang='lat' dir='ltr'>tenere</span> <span class='ocrx_word' id='word_1_213' title='bbox 869 2847 986 2914; x_wconf 74' lang='lat' dir='ltr'>pesitum</span> <span class='ocrx_word' id='word_1_214' title='bbox 996 2864 1003 2905; x_wconf 82' lang='lat'>3</span> <span class='ocrx_word' id='word_1_215' title='bbox 1015 2845 1073 2898; x_wconf 82' lang='lat' dir='ltr'>vide</span> <span class='ocrx_word' id='word_1_216' title='bbox 1088 2847 1121 2898; x_wconf 92' lang='lat' dir='ltr'>ad</span> <span class='ocrx_word' id='word_1_217' title='bbox 1134 2850 1161 2915; x_wconf 82' lang='lat'>1,</span> <span class='ocrx_word' id='word_1_218' title='bbox 1180 2867 1226 2919; x_wconf 87' lang='lat' dir='ltr'>to,</span> <span class='ocrx_word' id='word_1_219' title='bbox 1243 2871 1267 2907; x_wconf 80' lang='lat'>2,</span> 
     </span>
     <span class='ocr_line' id='line_1_27' title="bbox 215 2921 1268 2995; baseline 0.007 -17"><span class='ocrx_word' id='word_1_220' title='bbox 215 2924 334 2978; x_wconf 70' lang='lat' dir='ltr'>nmina</span> <span class='ocrx_word' id='word_1_221' title='bbox 356 2941 407 2995; x_wconf 89' lang='lat' dir='ltr'>pro</span> <span class='ocrx_word' id='word_1_222' title='bbox 429 2925 520 2975; x_wconf 75' lang='lat' dir='ltr'>anima</span> <span class='ocrx_word' id='word_1_223' title='bbox 539 2937 564 2974; x_wconf 85' lang='lat' dir='ltr'>et</span> <span class='ocrx_word' id='word_1_224' title='bbox 584 2924 718 2988; x_wconf 73' lang='lat' dir='ltr'>romine,</span> <span class='ocrx_word' id='word_1_225' title='bbox 762 2923 864 2974; x_wconf 82' lang='lat' dir='ltr'>Tenere</span> <span class='ocrx_word' id='word_1_226' title='bbox 880 2921 993 2994; x_wconf 29' lang='lat' dir='ltr'>se&#39;doiet</span> <span class='ocrx_word' id='word_1_227' title='bbox 1007 2923 1152 2994; x_wconf 80' lang='lat' dir='ltr'>Euphrates</span> <span class='ocrx_word' id='word_1_228' title='bbox 1166 2931 1268 2984; x_wconf 78' lang='lat' dir='ltr'>occisos</span> 
     </span>
     <span class='ocr_line' id='line_1_28' title="bbox 217 2999 1268 3075; baseline 0.008 -20"><span class='ocrx_word' id='word_1_229' title='bbox 217 3001 289 3075; x_wconf 80' lang='lat' dir='ltr'>qnod</span> <span class='ocrx_word' id='word_1_230' title='bbox 307 3001 416 3057; x_wconf 85' lang='lat' dir='ltr'>aiterum</span> <span class='ocrx_word' id='word_1_231' title='bbox 432 3003 459 3054; x_wconf 88' lang='lat' dir='ltr'>in</span> <span class='ocrx_word' id='word_1_232' title='bbox 474 3001 578 3070; x_wconf 81' lang='lat' dir='ltr'>seriptis</span> <span class='ocrx_word' id='word_1_233' title='bbox 593 2999 717 3052; x_wconf 81' lang='lat' dir='ltr'>omnihus</span> <span class='ocrx_word' id='word_1_234' title='bbox 762 3001 878 3051; x_wconf 80' lang='lat' dir='ltr'>Crassos.</span> <span class='ocrx_word' id='word_1_235' title='bbox 897 2999 1004 3052; x_wconf 82' lang='lat' dir='ltr'>Ciadem</span> <span class='ocrx_word' id='word_1_236' title='bbox 1024 3001 1096 3054; x_wconf 88' lang='lat' dir='ltr'>iiiam</span> <span class='ocrx_word' id='word_1_237' title='bbox 1113 3006 1198 3060; x_wconf 82' lang='lat' dir='ltr'>Crassi</span> <span class='ocrx_word' id='word_1_238' title='bbox 1215 3022 1268 3064; x_wconf 82' lang='lat' dir='ltr'>tam</span> 
     </span>
     <span class='ocr_line' id='line_1_29' title="bbox 217 3075 1269 3158; baseline -0.003 -24"><span class='ocrx_word' id='word_1_239' title='bbox 217 3079 390 3148; x_wconf 82' lang='lat' dir='ltr'>est,eite&#39;rom</span> <span class='ocrx_word' id='word_1_240' title='bbox 402 3079 429 3129; x_wconf 91' lang='lat' dir='ltr'>in</span> <span class='ocrx_word' id='word_1_241' title='bbox 439 3077 586 3150; x_wconf 79' lang='lat' dir='ltr'>plerisque,</span> <span class='ocrx_word' id='word_1_242' title='bbox 594 3077 718 3128; x_wconf 80' lang='lat' dir='ltr'>Burman·</span> <span class='ocrx_word' id='word_1_243' title='bbox 763 3075 885 3129; x_wconf 78' lang='lat' dir='ltr'>acerbam</span> <span class='ocrx_word' id='word_1_244' title='bbox 895 3079 1020 3130; x_wconf 78' lang='lat' dir='ltr'>Romanis</span> <span class='ocrx_word' id='word_1_245' title='bbox 1030 3093 1137 3153; x_wconf 85' lang='lat' dir='ltr'>tamque</span> <span class='ocrx_word' id='word_1_246' title='bbox 1151 3085 1196 3136; x_wconf 89' lang='lat' dir='ltr'>din</span> <span class='ocrx_word' id='word_1_247' title='bbox 1207 3088 1269 3158; x_wconf 86' lang='lat' dir='ltr'>pio.</span> 
     </span>
     <span class='ocr_line' id='line_1_30' title="bbox 217 3155 1269 3230; baseline 0.008 -18"><span class='ocrx_word' id='word_1_248' title='bbox 217 3178 269 3212; x_wconf 84' lang='lat' dir='ltr'>nne</span> <span class='ocrx_word' id='word_1_249' title='bbox 280 3161 385 3230; x_wconf 64' lang='lat' dir='ltr'>egregie</span> <span class='ocrx_word' id='word_1_250' title='bbox 396 3160 524 3222; x_wconf 73' lang='lat' dir='ltr'>correxit,</span> <span class='ocrx_word' id='word_1_251' title='bbox 536 3167 637 3208; x_wconf 86' lang='lat' dir='ltr'>mutata</span> <span class='ocrx_word' id='word_1_252' title='bbox 648 3157 718 3207; x_wconf 83' lang='lat' dir='ltr'>insu·</span> <span class='ocrx_word' id='word_1_253' title='bbox 763 3169 845 3206; x_wconf 85' lang='lat' dir='ltr'>rotam</span> <span class='ocrx_word' id='word_1_254' title='bbox 855 3155 964 3208; x_wconf 81' lang='lat' dir='ltr'>Ovidius</span> <span class='ocrx_word' id='word_1_255' title='bbox 973 3158 1148 3214; x_wconf 87' lang='lat' dir='ltr'>nnodisticho</span> <span class='ocrx_word' id='word_1_256' title='bbox 1156 3165 1269 3220; x_wconf 85' lang='lat' dir='ltr'>h&#39;deiiter</span> 
     </span>
     <span class='ocr_line' id='line_1_31' title="bbox 218 3235 1267 3311; baseline 0.004 -20"><span class='ocrx_word' id='word_1_257' title='bbox 218 3257 279 3310; x_wconf 86' lang='lat' dir='ltr'>per,</span> <span class='ocrx_word' id='word_1_258' title='bbox 289 3253 316 3291; x_wconf 84' lang='lat' dir='ltr'>ut</span> <span class='ocrx_word' id='word_1_259' title='bbox 327 3237 409 3290; x_wconf 82' lang='lat' dir='ltr'>habes</span> <span class='ocrx_word' id='word_1_260' title='bbox 419 3255 504 3302; x_wconf 87' lang='lat' dir='ltr'>none,</span> <span class='ocrx_word' id='word_1_261' title='bbox 515 3253 572 3306; x_wconf 76' lang='lat' dir='ltr'>qnae</span> <span class='ocrx_word' id='word_1_262' title='bbox 580 3239 653 3307; x_wconf 84' lang='lat' dir='ltr'>prius</span> <span class='ocrx_word' id='word_1_263' title='bbox 662 3247 719 3286; x_wconf 86' lang='lat' dir='ltr'>erat</span> <span class='ocrx_word' id='word_1_264' title='bbox 764 3251 914 3304; x_wconf 80' lang='lat' dir='ltr'>expressam</span> <span class='ocrx_word' id='word_1_265' title='bbox 926 3235 1123 3305; x_wconf 80' lang='lat' dir='ltr'>complectitur,</span> <span class='ocrx_word' id='word_1_266' title='bbox 1134 3241 1203 3294; x_wconf 82' lang='lat' dir='ltr'>Fast.</span> <span class='ocrx_word' id='word_1_267' title='bbox 1216 3247 1267 3311; x_wconf 87' lang='lat' dir='ltr'>vt,</span> 
     </span>
     <span class='ocr_line' id='line_1_32' title="bbox 218 3311 1270 3394; baseline -0.004 -25"><span class='ocrx_word' id='word_1_268' title='bbox 218 3317 353 3372; x_wconf 80' lang='lat' dir='ltr'>distinctio</span> <span class='ocrx_word' id='word_1_269' title='bbox 373 3318 459 3388; x_wconf 85' lang='lat' dir='ltr'>posita</span> <span class='ocrx_word' id='word_1_270' title='bbox 474 3337 481 3368; x_wconf 70' lang='grc' dir='ltr'><strong>ε</strong></span> <span class='ocrx_word' id='word_1_271' title='bbox 500 3317 596 3388; x_wconf 63' lang='lat' dir='ltr'>Sume,</span> <span class='ocrx_word' id='word_1_272' title='bbox 612 3315 718 3376; x_wconf 80' lang='lat' dir='ltr'>anima,</span> <span class='ocrx_word' id='word_1_273' title='bbox 764 3311 832 3378; x_wconf 69' lang='lat'><strong>465:</strong></span> <span class='ocrx_word' id='word_1_274' title='bbox 846 3337 857 3359; x_wconf 87' lang='grc' dir='ltr'>ι</span> <span class='ocrx_word' id='word_1_275' title='bbox 867 3313 976 3366; x_wconf 86' lang='lat' dir='ltr'>Crassus</span> <span class='ocrx_word' id='word_1_276' title='bbox 987 3314 1021 3366; x_wconf 86' lang='lat' dir='ltr'>ad</span> <span class='ocrx_word' id='word_1_277' title='bbox 1031 3317 1185 3388; x_wconf 70' lang='lat' dir='ltr'>Euphraten</span> <span class='ocrx_word' id='word_1_278' title='bbox 1196 3327 1270 3394; x_wconf 73' lang='lat' dir='ltr'>aqui.</span> 
     </span>
     <span class='ocr_line' id='line_1_33' title="bbox 219 3389 1269 3468; baseline 0.003 -18"><span class='ocrx_word' id='word_1_279' title='bbox 219 3415 251 3450; x_wconf 70' lang='lat' dir='ltr'>ex</span> <span class='ocrx_word' id='word_1_280' title='bbox 265 3395 361 3448; x_wconf 78' lang='lat' dir='ltr'>humili</span> <span class='ocrx_word' id='word_1_281' title='bbox 362 3400 422 3466; x_wconf 82' lang='lat' dir='ltr'>jam</span> <span class='ocrx_word' id='word_1_282' title='bbox 434 3396 567 3448; x_wconf 77' lang='lat' dir='ltr'>camino:</span> <span class='ocrx_word' id='word_1_283' title='bbox 581 3391 676 3445; x_wconf 83' lang='lat' dir='ltr'>sumite</span> <span class='ocrx_word' id='word_1_284' title='bbox 686 3393 721 3444; x_wconf 86' lang='lat' dir='ltr'>vi·</span> <span class='ocrx_word' id='word_1_285' title='bbox 763 3389 818 3457; x_wconf 89' lang='lat' dir='ltr'>las,</span> <span class='ocrx_word' id='word_1_286' title='bbox 831 3405 991 3463; x_wconf 87' lang='lat' dir='ltr'>natumque,</span> <span class='ocrx_word' id='word_1_287' title='bbox 1004 3411 1133 3467; x_wconf 83' lang='lat' dir='ltr'>suosque,</span> <span class='ocrx_word' id='word_1_288' title='bbox 1144 3401 1269 3468; x_wconf 80' lang='lat' dir='ltr'>Perdidit,</span> 
     </span>
     <span class='ocr_line' id='line_1_34' title="bbox 220 3471 1212 3545; baseline -0.002 -17"><span class='ocrx_word' id='word_1_289' title='bbox 220 3495 271 3541; x_wconf 82' lang='lat' dir='ltr'>res,</span> <span class='ocrx_word' id='word_1_290' title='bbox 282 3475 404 3528; x_wconf 81' lang='lat' dir='ltr'>Pierides.</span> <span class='ocrx_word' id='word_1_291' title='bbox 765 3482 791 3524; x_wconf 89' lang='lat' dir='ltr'>et</span> <span class='ocrx_word' id='word_1_292' title='bbox 801 3471 855 3523; x_wconf 89' lang='lat' dir='ltr'>ieto</span> <span class='ocrx_word' id='word_1_293' title='bbox 869 3485 907 3524; x_wconf 83' lang='lat' dir='ltr'>est</span> <span class='ocrx_word' id='word_1_294' title='bbox 917 3471 1024 3525; x_wconf 82' lang='lat' dir='ltr'>ultimus</span> <span class='ocrx_word' id='word_1_295' title='bbox 1035 3475 1091 3545; x_wconf 83' lang='lat' dir='ltr'>ipse</span> <span class='ocrx_word' id='word_1_296' title='bbox 1103 3474 1190 3528; x_wconf 81' lang='lat' dir='ltr'>datus.</span> <span class='ocrx_word' id='word_1_297' title='bbox 1201 3504 1212 3526; x_wconf 74' lang='grc' dir='ltr'>ι</span> 
     </span>
    </p>

    <p class='ocr_par' dir='ltr' id='par_1_12' title="bbox 220 3547 1311 4029">
     <span class='ocr_line' id='line_1_35' title="bbox 259 3547 1311 3630; baseline 0.003 -22"><span class='ocrx_word' id='word_1_298' title='bbox 259 3555 299 3608; x_wconf 80' lang='lat'>13.</span> <span class='ocrx_word' id='word_1_299' title='bbox 314 3547 720 3627; x_wconf 58' lang='grc' dir='ltr'>Ιαιηηεςαῐ,ε1ο.ΑᾶιιΙιῑίοηίε</span> <span class='ocrx_word' id='word_1_300' title='bbox 804 3552 844 3604; x_wconf 83' lang='lat'>16.</span> <span class='ocrx_word' id='word_1_301' title='bbox 861 3552 961 3606; x_wconf 83' lang='lat' dir='ltr'>Domus</span> <span class='ocrx_word' id='word_1_302' title='bbox 975 3553 1086 3606; x_wconf 84' lang='lat' dir='ltr'>Arahioe.</span> <span class='ocrx_word' id='word_1_303' title='bbox 1104 3555 1171 3609; x_wconf 85' lang='lat' dir='ltr'>Vide</span> <span class='ocrx_word' id='word_1_304' title='bbox 1186 3557 1221 3610; x_wconf 78' lang='lat' dir='ltr'>ad</span> <span class='ocrx_word' id='word_1_305' title='bbox 1242 3563 1270 3630; x_wconf 86' lang='lat' dir='ltr'>i,</span> <span class='ocrx_word' id='word_1_306' title='bbox 1307 3615 1311 3622; x_wconf 59' lang='grc'><strong>,</strong></span> 
     </span>
     <span class='ocr_line' id='line_1_36' title="bbox 220 3629 1270 3706; baseline 0.006 -22"><span class='ocrx_word' id='word_1_307' title='bbox 220 3636 330 3706; x_wconf 77' lang='lat' dir='ltr'>poeticae</span> <span class='ocrx_word' id='word_1_308' title='bbox 346 3650 417 3684; x_wconf 86' lang='lat' dir='ltr'>mera</span> <span class='ocrx_word' id='word_1_309' title='bbox 438 3631 560 3700; x_wconf 73' lang='lat' dir='ltr'>figmenta</span> <span class='ocrx_word' id='word_1_310' title='bbox 575 3629 638 3682; x_wconf 74' lang='lat' dir='ltr'>hae.</span> <span class='ocrx_word' id='word_1_311' title='bbox 658 3632 721 3682; x_wconf 85' lang='lat' dir='ltr'>Par·</span> <span class='ocrx_word' id='word_1_312' title='bbox 766 3631 1021 3698; x_wconf 74' lang='lat' dir='ltr'>6‚4.-1macra‚</span> <span class='ocrx_word' id='word_1_313' title='bbox 1039 3631 1122 3684; x_wconf 82' lang='lat' dir='ltr'>libera</span> <span class='ocrx_word' id='word_1_314' title='bbox 1140 3635 1228 3690; x_wconf 85' lang='lat' dir='ltr'>adhue</span> <span class='ocrx_word' id='word_1_315' title='bbox 1242 3655 1270 3693; x_wconf 84' lang='lat' dir='ltr'>et</span> 
     </span>
     <span class='ocr_line' id='line_1_37' title="bbox 223 3710 1000 3778; baseline -0.003 -14"><span class='ocrx_word' id='word_1_316' title='bbox 223 3711 283 3766; x_wconf 81' lang='lat' dir='ltr'>thoe</span> <span class='ocrx_word' id='word_1_317' title='bbox 292 3725 318 3764; x_wconf 87' lang='lat' dir='ltr'>et</span> <span class='ocrx_word' id='word_1_318' title='bbox 329 3711 465 3764; x_wconf 86' lang='lat' dir='ltr'>Orientem</span> <span class='ocrx_word' id='word_1_319' title='bbox 479 3710 618 3762; x_wconf 82' lang='lat' dir='ltr'>subactum</span> <span class='ocrx_word' id='word_1_320' title='bbox 634 3710 722 3775; x_wconf 81' lang='lat' dir='ltr'>canit,</span> <span class='ocrx_word' id='word_1_321' title='bbox 766 3712 869 3778; x_wconf 66' lang='lat' dir='ltr'>integra</span> <span class='ocrx_word' id='word_1_322' title='bbox 883 3729 1000 3762; x_wconf 84' lang='lat' dir='ltr'>manens.</span> 
     </span>
     <span class='ocr_line' id='line_1_38' title="bbox 223 3788 1271 3862; baseline 0 -17"><span class='ocrx_word' id='word_1_323' title='bbox 223 3791 270 3845; x_wconf 84' lang='lat' dir='ltr'>nbi</span> <span class='ocrx_word' id='word_1_324' title='bbox 287 3789 454 3844; x_wconf 83' lang='lat' dir='ltr'>solummodo</span> <span class='ocrx_word' id='word_1_325' title='bbox 468 3791 595 3841; x_wconf 76' lang='lat' dir='ltr'>exercitus</span> <span class='ocrx_word' id='word_1_326' title='bbox 614 3791 640 3840; x_wconf 89' lang='lat' dir='ltr'>in</span> <span class='ocrx_word' id='word_1_327' title='bbox 656 3788 723 3840; x_wconf 74' lang='lat' dir='ltr'>Ara-</span> <span class='ocrx_word' id='word_1_328' title='bbox 807 3790 847 3841; x_wconf 83' lang='lat'>18.</span> <span class='ocrx_word' id='word_1_329' title='bbox 857 3789 967 3842; x_wconf 75' lang='lat' dir='ltr'>Sentiat.</span> <span class='ocrx_word' id='word_1_330' title='bbox 979 3791 1051 3842; x_wconf 79' lang='lat' dir='ltr'>iisne</span> <span class='ocrx_word' id='word_1_331' title='bbox 1063 3791 1271 3862; x_wconf 78' lang='lat' dir='ltr'>seripturamvi-</span> 
     </span>
     <span class='ocr_line' id='line_1_39' title="bbox 224 3867 1270 3945; baseline 0.001 -21"><span class='ocrx_word' id='word_1_332' title='bbox 224 3870 294 3924; x_wconf 76' lang='lat' dir='ltr'>hiem</span> <span class='ocrx_word' id='word_1_333' title='bbox 306 3871 374 3924; x_wconf 81' lang='lat' dir='ltr'>AEiio</span> <span class='ocrx_word' id='word_1_334' title='bbox 384 3870 461 3923; x_wconf 86' lang='lat' dir='ltr'>Gallo</span> <span class='ocrx_word' id='word_1_335' title='bbox 473 3869 541 3922; x_wconf 89' lang='lat' dir='ltr'>duce</span> <span class='ocrx_word' id='word_1_336' title='bbox 552 3871 645 3922; x_wconf 85' lang='lat' dir='ltr'>missus</span> <span class='ocrx_word' id='word_1_337' title='bbox 655 3881 725 3935; x_wconf 86' lang='lat' dir='ltr'>erat,</span> <span class='ocrx_word' id='word_1_338' title='bbox 768 3867 932 3922; x_wconf 82' lang='lat' dir='ltr'>denturiibri</span> <span class='ocrx_word' id='word_1_339' title='bbox 940 3887 1032 3922; x_wconf 84' lang='lat' dir='ltr'>omues</span> <span class='ocrx_word' id='word_1_340' title='bbox 1041 3889 1200 3945; x_wconf 68' lang='lat' dir='ltr'>agnoscere,</span> <span class='ocrx_word' id='word_1_341' title='bbox 1209 3896 1270 3932; x_wconf 68' lang='lat' dir='ltr'>cun</span> 
     </span>
     <span class='ocr_line' id='line_1_40' title="bbox 225 3945 1270 4029; baseline 0.002 -26"><span class='ocrx_word' id='word_1_342' title='bbox 225 3969 274 4004; x_wconf 86' lang='lat' dir='ltr'>nee</span> <span class='ocrx_word' id='word_1_343' title='bbox 284 3951 335 4007; x_wconf 85' lang='lat' dir='ltr'>uisi</span> <span class='ocrx_word' id='word_1_344' title='bbox 349 3949 488 4003; x_wconf 79' lang='lat' dir='ltr'>infeliciter</span> <span class='ocrx_word' id='word_1_345' title='bbox 500 3950 571 4002; x_wconf 77' lang='lat' dir='ltr'>exitu</span> <span class='ocrx_word' id='word_1_346' title='bbox 586 3949 625 4000; x_wconf 89' lang='lat' dir='ltr'>rei</span> <span class='ocrx_word' id='word_1_347' title='bbox 636 3967 726 4002; x_wconf 82' lang='lat' dir='ltr'>sessu·</span> <span class='ocrx_word' id='word_1_348' title='bbox 770 3945 997 4018; x_wconf 77' lang='lat' dir='ltr'>Lechnsaouoque</span> <span class='ocrx_word' id='word_1_349' title='bbox 1029 3951 1182 4022; x_wconf 88' lang='lat' dir='ltr'>reponimus</span> <span class='ocrx_word' id='word_1_350' title='bbox 1220 3977 1270 4029; x_wconf 77' lang='lat' dir='ltr'>pro</span> 
     </span>
    </p>
   </div>
   <div class='ocr_carea' id='block_1_4' title="bbox 1066 4045 1103 4106">
    <p class='ocr_par' dir='ltr' id='par_1_13' title="bbox 1066 4045 1103 4106">
     <span class='ocr_line' id='line_1_41' title="bbox 1066 4045 1103 4106; baseline 0.054 -2"><span class='ocrx_word' id='word_1_351' title='bbox 1066 4045 1103 4106; x_wconf 76' lang='lat'>13</span> 
     </span>
    </p>
   </div>
   <div class='ocr_carea' id='block_1_5' title="bbox 0 0 1572 4756">
    <p class='ocr_par' dir='ltr' id='par_1_14' title="bbox 0 0 1572 4756">
     <span class='ocr_line' id='line_1_42' title="bbox 0 0 1572 4756; baseline 0 0"><span class='ocrx_word' id='word_1_352' title='bbox 0 0 1572 4756; x_wconf 95' lang='lat' dir='ltr'> </span> 
     </span>
    </p>
   </div>
  </div>
 </body>
</html>
