3122 4756
191 353 196 360 ’
292 374 354 457 146
585 357 849 432 caueantur
874 355 962 424 um.
989 354 1040 422 11.
1102 321 1333 574 Cupi„

331 498 427 567 'Sive
441 491 536 560 illum
546 489 623 558 Cois
634 485 822 578 fulgentem
833 479 1145 557 incederem
1322 486 1337 536 5

379 610 451 674 Hoc
461 617 571 674 totum
581 601 619 668 in
630 603 698 666 Coa
710 611 803 666 veste
815 590 974 661 volumen
988 590 1069 674 srit;

242 695 243 702 ἵ
331 722 397 788 Seu
407 715 479 786 vidi
487 709 531 782 ad
543 711 689 784 frontem
703 727 838 800 sparsos
850 725 963 772 errare
977 695 1137 794 capillos;

378 823 512 895 Gaudet
521 819 667 891 laudatis
679 820 728 886 ire
742 813 890 909 superba
901 813 1026 896 comis;

330 939 405 1008 Sive
417 935 501 1030 lyrae
515 953 652 1001 carmen
666 927 777 1021 digitis
792 924 959 1019 percussit
969 921 1124 1000 eburnis,

378 1040 686 1126 Miramur‚laciles
701 1055 740 1107 ut
752 1050 886 1132 premat
898 1050 970 1102 arte
982 1055 1122 1116 mauus;
1309 1055 1340 1091 ιο

330 1165 396 1229 Seu
410 1182 517 1254 quum
529 1167 707 1250 poscentes
722 1171 882 1222 somnum
895 1143 1044 1215 declinat
1054 1139 1199 1222 ocellos,

379 1270 518 1336 Invenio
530 1285 651 1333 causas
662 1259 755 1328 mille
766 1273 867 1352 poeta
879 1279 985 1324 novas
995 1252 1027 1338 ;‘'

322 1439 365 1494 5.*
382 1441 443 1494 Sive
456 1436 534 1490 illam
548 1435 633 1488 Cois...
645 1430 720 1484 mille
731 1448 793 1502 poe·
837 1447 929 1482 causas
939 1425 1010 1480 mille
1020 1438 1100 1498 poete
1109 1441 1200 1477 novar.
1212 1447 1224 1472 ι
1237 1425 1268 1476 ln
1280 1420 1340 1496 qui-

287 1533 313 1574 ta
323 1517 429 1572 rrouac'
440 1515 589 1568 Turbatum
604 1511 694 1564 locum
706 1510 791 1578 signu·
835 1504 886 1558 bus
897 1504 1173 1558 rectaconstructioue
1181 1501 1277 1554 habet:
1289 1503 1341 1554 Seu

286 1619 345 1652 mus
368 1609 440 1650 nota.
465 1591 583 1645 Kuiuoel
607 1589 658 1658 (ut
678 1587 791 1641 aliorum
836 1581 1342 1658 oidicapiliorerrure,Siveillamvidi

286 1677 439 1730 deterrimas
448 1666 718 1738 lectionesomittam)
728 1665 791 1718 scri·
836 1666 952 1718 incedere
952 1663 1103 1736 fuipeutem
1112 1702 1121 1731 ,
1131 1663 1184 1716 Seu
1196 1661 1250 1714 uidi
1260 1679 1342 1735 quum

285 1771 361 1830 ptum
373 1753 447 1806 dedit
458 1752 510 1804 hoc
518 1748 616 1802 moder
632 1747 712 1800 ·sive
719 1742 790 1797 illam
835 1742 931 1798 onelios
950 1740 1074 1794 declinat.
1093 1741 1234 1811 Scriptum
1254 1753 1341 1792 autern

286 1837 348 1888 Cois
363 1831 507 1904 fulgentem
519 1827 643 1879 incedere
654 1825 722 1892 uidi,
733 1825 791 1876 Hoc
835 1821 980 1888 Codicum,
1001 1821 1056 1873 Hoc
1074 1829 1157 1871 totum
1173 1837 1188 1872 e
1207 1820 1259 1872 Coa
1277 1827 1343 1871 verte

286 1927 374 1968 totum
389 1930 404 1963 e
421 1913 477 1964 Coa
494 1921 566 1960 veste
583 1905 708 1958 uolumen
727 1903 792 1966 erit;
836 1901 959 1956 volumen
971 1901 1035 1968 erit,
1047 1899 1173 1952 mendum
1187 1900 1273 1952 inesse
1283 1914 1344 1950 sen·

287 1995 338 2048 Seu
360 1991 412 2046 vidi
431 1990 464 2044 ad
481 1991 610 2054 frontem,
627 2000 703 2038 etc.»
722 1985 792 2036 Bene
836 2003 880 2038 sus
893 1983 1038 2054 arguebat:
1052 1982 1112 2054 quis
1128 1981 1199 2034 enim
1212 1995 1344 2032 carmene

288 2071 410 2146 quidem
428 2082 454 2120 et
469 2067 632 2137 acciperem,
647 2063 697 2116 nisi
712 2061 793 2114 codi-
839 2063 891 2115 Coa
907 2074 975 2115 veste
989 2061 1116 2132 accipiat,
1131 2057 1204 2132 quod
1219 2057 1344 2110 scribitur

286 2170 331 2204 ces
345 2149 491 2202 obstarent.
506 2143 558 2198 Sed
567 2143 735 2216 paucissimi,
747 2141 792 2212 qni
838 2159 943 2195 carmen
964 2139 998 2192 de
1020 2139 1083 2192 Cois
1102 2138 1241 2191 vestibus?
1265 2135 1343 2188 liber

286 2247 338 2283 nec
350 2245 452 2300 magnes
466 2223 531 2278 fidei
539 2238 615 2290 runt,
627 2219 694 2273 illud
704 2220 791 2272 oidiin
837 2220 946 2293 quidem
965 2231 1088 2272 exaratus
1102 2235 1184 2270 manu
1200 2217 1295 2269 Totum
1312 2213 1344 2266 de

279 2295 374 2382 'primo
393 2323 469 2359 versu
487 2301 627 2365 exhibent,
647 2300 734 2352 ceteri
750 2297 792 2352 di·
839 2301 892 2356 coa
903 2311 967 2354 ueste
977 2298 1099 2352 volumen
1110 2299 1158 2350 erit
1169 2294 1286 2360 exhibet,
1296 2291 1344 2346 sed

287 2386 435 2440 versirsime
450 2403 456 2432 z
476 2381 557 2433 «Sive
572 2379 645 2432 illam
663 2377 724 2430 cois
741 2374 794 2428 ful·
838 2378 1036 2451 interpolatoris
1046 2397 1117 2432 mera
1127 2379 1282 2448 conjecture
1294 2385 1342 2426 ert.

286 2482 393 2540 gentem
404 2463 525 2517 incedere
535 2457 757 2534 copis.»Latebat
767 2458 795 2508 in
838 2460 951 2530 Egregie
986 2456 1172 2509 Lachmannus
1208 2455 1342 2526 reponit:

286 2548 354 2616 hoc,
366 2561 542 2620 quamveram
553 2544 712 2612 scripturam
722 2557 797 2591 erue·
842 2561 854 2585 ι
864 2541 921 2590 Hoc
934 2549 1019 2590 totum
1030 2539 1057 2588 iu
1069 2535 1125 2588 Coa
1136 2548 1207 2587 veste
1218 2533 1343 2586 volumen

287 2640 346 2681 rent
356 2627 451 2679 critici.
461 2623 547 2676 Sensit
555 2617 754 2681 Lachmaunus,
767 2629 794 2668 et
841 2619 928 2680 erius
953 2615 1027 2688 quod
1045 2613 1115 2687 quali
1134 2613 1215 2666 modo
1232 2617 1345 2685 capien-

288 2719 444 2778 corruptum
457 2699 618 2755 vocabulum
632 2701 701 2770 copis
717 2710 793 2751 acute
838 2698 902 2750 dum
917 2699 964 2761 sit,
978 2695 1202 2758 moxuidebimus.
1215 2725 1253 2737 -
1270 2695 1346 2765 Lyroe

289 2787 414 2856 corripit:
433 2781 515 2832 «sive
530 2779 601 2831 illam
613 2778 675 2830 Cois
688 2777 795 2847 fulgen·
837 2795 942 2830 carmen
954 2777 1092 2850 percurrit,
1106 2776 1132 2828 id
1150 2789 1202 2840 ert,
1216 2792 1345 2846 percussa

289 2878 343 2917 tem
361 2859 484 2914 incedere
504 2858 616 2910 coccis·
642 2859 722 2908 Porro
745 2871 794 2906 neo
838 2856 895 2930 lyra
920 2875 1026 2909 carmen
1050 2855 1202 2926 (canorum
1227 2854 1344 2925 sonum)

290 2955 358 2994 stare
379 2940 454 2992 locus
475 2949 595 3010 poterat,
614 2937 665 2986 nisi
684 2934 794 2986 verbum
840 2936 938 2988 elicuit.
961 2939 1002 2989 Ne
1022 2955 1084 2988 curn
1103 2937 1195 2988 Dousa
1220 2937 1345 2986 Burman·

290 3013 795 3086 accederet,cuiversiculusistesubji·
839 3037 928 3089 noque
947 3018 1075 3090 percurrit
1100 3015 1166 3068 uelis
1191 3015 1343 3083 corrigere,

290 3114 404 3154 ceretur.
421 3099 578 3151 Permutatis
593 3099 662 3150 iuter
675 3115 703 3150 se
720 3095 797 3148 disti·
840 3097 1003 3152 Huschlium
1022 3097 1081 3162 adi,
1100 3096 1182 3166 Epist.
1200 3094 1263 3145 Crit.
1280 3107 1341 3162 pag.
1409 3082 1412 3091 ’

291 3179 347 3233 chis
360 3180 494 3252 (quatuor
504 3177 547 3230 hic
563 3176 703 3230 abeodem
715 3195 796 3230 uoca—
841 3178 937 3231 8—12.
954 3206 990 3216 -
1002 3177 1112 3240 Errare,
1133 3173 1166 3226 de
1185 3169 1301 3244 capillis,
1314 3181 1343 3220 ut

291 3258 355 3310 lrulo
374 3255 523 3327 incipiunt)
539 3275 595 3308 rem
611 3254 796 3310 Lachmanuur
842 3257 908 3330 eleg.
927 3275 976 3324 aa,
993 3273 1020 3324 9.
1035 3283 1071 3294 -
1088 3255 1141 3306 Coa
1164 3269 1240 3303 coeca
1263 3250 1343 3316 dicit,

290 3338 406 3410 peragit,
423 3353 538 3408 quocum
557 3332 668 3406 legimus
687 3357 693 3386 r
716 3335 796 3388 «Sive
838 3331 906 3408 quas
911 3352 1040 3408 purpuras
1048 3329 1342 3394 CoesHoratiue,Carm.

289 3417 350 3492 lyme
361 3435 466 3469 carmen
478 3414 567 3488 digitis
578 3417 708 3487 percussit
717 3415 796 3468 ebur·
830 3417 884 3480 lv,
910 3417 956 3480 13,
981 3413 1020 3465 13.
1037 3441 1073 3452 -
1091 3411 1149 3466 Hoc
1171 3421 1269 3477 totum,
1291 3423 1342 3461 etc.

290 3501 345 3567 nis,
364 3499 507 3563 Miramur,
527 3495 621 3550 faciles
643 3508 673 3548 ut
693 3507 796 3566 premat
839 3495 911 3561 Hoc,
925 3493 986 3547 ideo
1000 3487 1092 3558 (casus
1106 3505 1193 3544 sextus
1210 3489 1282 3562 est),
1295 3508 1344 3541 vo-

291 3591 347 3632 arte
364 3595 467 3630 manus.
485 3577 538 3629 Seu
554 3575 607 3627 rldi
629 3573 663 3628 ud
680 3575 795 3626 frontem
839 3572 928 3625 lumen
947 3590 1025 3624 suum
1045 3569 1236 3640 (Lachmanni
1255 3563 1344 3622 verbis

291 3675 396 3730 sparsos
419 3673 506 3708 errare
537 3653 667 3726 capillos,
691 3652 796 3706 Gaudet
841 3653 916 3724 utor)
931 3663 1012 3705 totum
1028 3651 1147 3704 futurum
1166 3650 1193 3704 iu
1211 3653 1264 3704 Coa
1278 3661 1345 3706 vesle

290 3735 403 3788 laudatis
423 3736 462 3787 ire
483 3732 595 3804 superba
618 3733 714 3796 comis;
737 3733 796 3784 Sive
839 3731 919 3799 dicit,
933 3751 1017 3804 eaque
1029 3731 1189 3784 celebranda
1201 3745 1286 3784 toturn
1299 3751 1344 3783 oc·

290 3814 360 3866 illam
371 3813 432 3865 Cois
445 3811 589 3884 fulgentem
602 3811 723 3863 incedere
734 3829 793 3863 coc·
840 3825 967 3885 cuparum
979 3811 1019 3864 iri.
1036 3810 1112 3864 Ouid.
1127 3813 1198 3864 Fast.
1212 3811 1262 3876 Vl,
1276 3809 1342 3863 251:

289 3897 341 3964 eis,
355 3897 412 3947 Hoc
425 3907 512 3947 totum
527 3895 554 3944 in
569 3894 624 3946 Coa
635 3905 706 3944 verte
718 3890 794 3946 volu·
841 3893 896 3944 ·1n
903 3909 979 3964 prece
989 3901 1055 3943 totus
1065 3909 1154 3944 eram:
1171 3887 1343 3942 celestianu-

289 3993 349 4026 men
374 3975 439 4035 erit3
465 3974 517 4026 Seu
547 3991 628 4044 quum
653 3985 794 4045 poscentes
838 3971 1021 4024 minatensi·
1043 3969 1134 4021 Horat.
1155 3969 1243 4034 rati,
1260 3985 1293 4038 9,
1311 3985 1342 4018 a:

290 4071 411 4109 somnum
428 4053 544 4106 declinat
558 4051 671 4120 ocellos,
687 4055 793 4108 invenio
841 4051 959 4105 «Nescio
972 4048 1035 4123 quid
1047 4049 1177 4106 meditans
1193 4067 1341 4120 nuperum,
1424 4099 1427 4110 ,
