3116 4756
315 381 388 448 ²7⁰
613 355 878 425 PROPERTll
903 359 992 424 LlB.
1019 360 1065 424 11.

407 482 771 554 Gambamnuete
782 479 877 549 nulla
888 481 1004 574 puella
1015 466 1105 550 colit.

359 590 508 663 Multum
519 593 555 659 in
565 615 679 660 amore
693 589 795 674 fides,
806 589 952 662 multum
964 595 1149 662 constantia
1161 591 1315 686 prodest:

406 705 473 790 Qui
483 702 565 772 dare
575 701 682 770 multa
692 717 817 795 potest,
829 701 1109 772 multaatamare
1122 717 1244 796 potest„
1327 801 1333 815 ἱ

360 816 425 882 Seu
436 835 530 880 mare
540 835 601 904 per
615 809 754 905 longum
766 833 844 879 mea
857 813 981 904 cogitet
990 815 1040 881 ire
1050 812 1180 906 puella,

304 1007 307 1016 Ι
406 927 503 992 Hauc
514 945 650 1017 sequar,
663 939 697 990 et
707 919 791 989 lidos
803 943 873 990 uua
883 938 960 1015 aget
970 945 1054 990 aura
1064 921 1166 994 duoar
1327 933 1363 988 30

361 1039 478 1103 Unum
489 1033 568 1102 litus
580 1037 643 1102 erit
655 1036 789 1128 sopitis,
802 1055 938 1129 unaque
952 1049 1041 1103 tecto

406 1145 532 1228 Arbor,
546 1159 580 1212 et
589 1167 631 1212 ex
644 1169 712 1212 une
724 1167 813 1237 saepe
824 1143 978 1212 bibemus
989 1167 1098 1238 aqua;
1160 1187 1164 1194 -

359 1257 403 1324 Et
412 1253 527 1322 tabula
537 1277 605 1322 una
617 1250 704 1322 duos
715 1256 839 1348 poterit
848 1277 1051 1347 componere
1061 1269 1228 1338 amantes3

407 1369 509 1432 Prora
520 1363 630 1433 cubile
644 1363 741 1448 mibi,
755 1388 816 1432 seu
827 1363 910 1432 mibi
921 1367 1046 1458 puppis
1058 1367 1131 1432 erit.

358 1479 482 1545 Omnia
493 1479 679 1572 perpetiar:
694 1499 802 1544 saevus
814 1472 893 1544 licet
904 1491 1022 1567 urgeat
1032 1481 1161 1561 Eurus,
1330 1485 1363 1542 ³5

406 1586 781 1681 Veluqueinincertum
793 1585 934 1679 frigidus
946 1593 1066 1654 Auster
1076 1603 1170 1680 εὕει,

360 1700 572 1793 Quicumque
584 1713 618 1766 et
627 1700 719 1766 venti
729 1700 890 1764 miserum
904 1700 1049 1765 vexastis
1062 1697 1202 1781 Ulixen,

405 1815 448 1878 Et
460 1813 615 1878 Danaum
627 1809 772 1878 Euboico
785 1807 880 1876 litore
892 1807 983 1876 mille
998 1826 1105 1893 rates3

358 1925 402 1990 Et
412 1923 470 2016 qui
482 1924 631 1990 movistis
643 1920 711 1988 duo
724 1918 837 2001 litora,
850 1941 957 2012 quum
970 1917 1062 2018 rudis
1074 1927 1185 2012 Argus

405 2034 483 2100 Dux
494 2048 566 2098 eret
576 2035 690 2125 ignoto
701 2031 805 2098 missa
816 2023 975 2096 columba
986 2030 1081 2097 mari.
1328 2043 1363 2112 4⁰

360 2139 422 2211 Illa
434 2145 517 2211 meis
528 2159 661 2210 tantum
676 2165 747 2210 non
759 2163 921 2233 umquam
936 2139 1022 2208 desit
1033 2137 1167 2208 ocellis:

308 2345 311 2352 Δ
408 2254 572 2322 incendat
585 2278 706 2323 navem
717 2253 873 2346 luppiter
884 2253 955 2344 ipse
968 2249 1055 2319 licet.

357 2368 455 2432 Certe
466 2365 573 2433 isdem
585 2363 668 2432 nudi
676 2365 804 2457 pariter
811 2357 1015 2456 jactabimur
1025 2361 1092 2428 oris
1104 2381 1112 2426 ε

404 2479 462 2545 Me
472 2475 550 2544 licet
561 2474 652 2543 unda
664 2474 763 2558 ferat,
775 2487 810 2541 te
820 2467 922 2538 modo
934 2485 1023 2540 terra
1033 2483 1133 2562 tegat.

347 2697 389 2750 28.
408 2697 461 2768 Qui
476 2695 539 2749 dure
556 2695 640 2750 multa
655 2696 749 2750 beatus
763 2713 813 2769 pu-
857 2707 884 2746 et
892 2693 1092 2767 Symplegadas,
1103 2693 1137 2748 ad
1147 2709 1219 2749 oram
1230 2695 1361 2750 sitarbor-

311 2784 373 2840 test‚
384 2774 407 2826 is
422 2776 517 2826 mirum
535 2775 584 2827 erit
597 2777 625 2828 ni
639 2789 720 2846 vagus
734 2787 760 2827 et
773 2778 813 2826 iu·
856 2776 917 2846 pori
937 2773 1067 2842 Thracii,
1089 2793 1174 2847 quas,
1197 2779 1257 2854 quia
1277 2793 1360 2848 parvo

309 2867 434 2908 murtam
443 2854 587 2926 permultas
597 2869 667 2909 amet
676 2877 684 2919 ς
694 2853 813 2929 (quippe
856 2857 936 2908 maria
946 2854 1085 2909 intervallo
1096 2869 1223 2928 separatu
1235 2873 1318 2909 unum
1330 2855 1361 2909 li·

310 2933 354 2984 aui
368 2931 471 2985 aditum
486 2932 558 3005 apud
576 2953 667 2987 omnes
681 2933 752 2986 dona
764 2951 813 2986 aua
857 2947 901 2986 tua
918 2953 974 2988 ease
996 2953 1011 2988 e
1031 2936 1176 3010 longinquo
1194 2936 1360 3001 viderentur,

308 3011 588 3085 faciant.)'-Amare
601 3013 702 3080 multu,
716 3027 812 3066 neutro
857 3027 999 3086 poetarum
1025 3013 1099 3068 lutus
1127 3017 1177 3068 fuit
1202 3013 1359 3066 fluctuantes

308 3109 423 3161 genere,
443 3106 473 3145 ut
488 3111 600 3166 querere
622 3111 690 3146 nova
714 3094 741 3158 Ι,
765 3093 812 3160 13,
857 3095 1024 3146 concurrisse
1047 3093 1154 3145 alteram
1175 3105 1268 3144 contra
1291 3091 1358 3144 alte·

312 3186 364 3223 ra:
381 3175 462 3226 «Nec
478 3193 546 3228 noua
555 3169 698 3248 'quaerendo
709 3193 814 3247 semper
856 3189 912 3222 ram
940 3173 1023 3224 ventis
1049 3170 1255 3241 impellentibus.
1284 3170 1357 3224 Stare

309 3252 410 3304 amicus
423 3255 504 3306 eris·
855 3252 977 3304 immotae
994 3269 1038 3304 eas
1053 3251 1124 3302 luno
1132 3251 1212 3319 jussit
1226 3267 1286 3301 cum
1297 3249 1358 3301 Pal·

344 3329 387 3384 33.
402 3331 503 3385 Tabula
514 3351 585 3399 una,
601 3333 630 3384 iu
641 3332 702 3384 navi
717 3331 810 3386 tabula
856 3328 932 3396 lade,
944 3347 977 3382 ue
991 3330 1172 3400 frangeretur,
1185 3327 1248 3381 dum
1261 3331 1358 3383 trausi-

308 3427 370 3462 uua.
853 3423 910 3478 ret,
928 3412 1002 3461 navis
1017 3413 1241 3481 Argonautarum,
1259 3409 1356 3480 quibu·

343 3490 387 3561 37.
403 3489 569 3564 Quicumque
583 3501 609 3544 et
627 3491 698 3542 venti
714 3488 810 3541 Ulixen
853 3485 916 3540 datu
923 3487 1060 3554 columbe,
1073 3503 1129 3559 quae
1142 3500 1242 3557 regeret
1252 3499 1358 3542 antevo-

307 3571 422 3623 vexastis.
444 3571 465 3621 A
488 3572 562 3622 tertia
580 3587 696 3641 persona
716 3570 810 3619 transit
853 3565 911 3620 lana
924 3583 1039 3618 cursum.
1053 3563 1120 3618 Vide
1131 3563 1255 3637 Apollou.
1267 3565 1353 3620 llbod.

308 3659 401 3700 auctor
410 3647 443 3700 ad
451 3647 651 3714 secundamus
659 3665 711 3718 qua
721 3646 808 3698 forma
852 3646 976 3713 11,3at;
997 3645 1045 3699 551
1067 3663 1126 3718 sqq.
1144 3674 1181 3685 -
1197 3645 1278 3700 trudis
1297 3659 1355 3700 erat

305 3727 366 3780 vida
381 3741 473 3781 notata
488 3729 528 3794 ll,
547 3745 577 3798 9,
599 3725 638 3778 15.
655 3755 691 3767 —
706 3725 744 3778 Et
755 3725 809 3777 Da·
852 3725 940 3797 Atye,
955 3743 1012 3795 quar
1025 3727 1140 3776 nesciret
1150 3741 1229 3776 mare.

255 3862 258 3868 ,
307 3825 387 3860 naum
409 3817 475 3860 mter
494 3806 610 3862 Euboico
633 3803 718 3858 litore.
741 3802 808 3857 Vide
888 3802 931 3869 41.
948 3801 1011 3854 Nan
1025 3820 1159 3874 umquam.
1173 3803 1290 3874 Scriptus
1303 3801 1355 3856 co·

305 3887 357 3952 111,
371 3903 401 3958 7,
414 3885 458 3956 39.
814 3911 817 3920 ·
851 3879 923 3933 dites
940 3883 1082 3952 sequimur.
1097 3881 1291 3934 broukhusium
1306 3901 1352 3934 au·

341 3963 384 4036 39.
399 3965 493 4038 Elqut'
511 3963 626 4017 movistis
642 3960 696 4016 duo
711 3962 808 4028 litam,
851 3975 951 4013 ctorem
962 3959 1044 4014 babet
1057 3959 1135 4014 lectio
1145 3979 1199 4015 uun
1211 3979 1328 4034 usquam.

306 4056 356 4096 etc.
371 4044 491 4116 Cyaneas
501 4043 600 4098 insulas
610 4042 688 4110 dicit,
698 4044 806 4096 nomine
886 4040 930 4107 44.
950 4041 996 4093 lde
1013 4041 1074 4096 lieet
1091 4041 1174 4108 uada,
1194 4055 1243 4094 etc.
1265 4038 1352 4111 sepul·
