3128 4760
1134 205 1154 240 .,

585 362 762 428 annom
785 362 847 426 xr.
1173 361 1237 453 395

243 495 352 560 Issent
364 489 536 582 Phlegraeo
549 487 671 556 melius
681 487 742 556 tibi
753 488 871 556 funera
882 510 1016 580 campo,

288 601 349 670 Vel
361 617 418 669 tua
429 603 457 668 si
469 623 586 670 socero
596 597 684 668 colla
695 597 836 666 daturus
848 622 932 666 eras.

241 711 369 782 Scilicet
380 716 496 782 incesti
507 713 665 780 meretrix
679 713 794 803 regina
805 714 950 804 Canopi,

288 828 362 893 Una
372 825 547 918 Philippeo
559 826 723 916 sangarine
734 823 855 892 adusta
866 839 964 904 nom,
1202 837 1239 904 40

193 1045 283 1098 gerrem
306 1025 404 1082 editam
426 1026 567 1081 lectionem
591 1029 693 1082 ratione
738 1039 908 1101 tapinomata
925 1024 976 1080 Sed
994 1043 1076 1098 porro
1090 1027 1146 1096 jam
1158 1029 1240 1097 majo·

193 1105 326 1177 corrigent
340 1127 347 1157 t
361 1107 466 1158 intento
483 1105 572 1158 animo
586 1107 694 1177 percipe
738 1123 780 1158 raa
803 1105 893 1159 turbae
922 1107 1018 1158 excitat
1040 1123 1131 1157 verene
1154 1103 1240 1173 alter,

193 1181 693 1257 hec,abinterpretibueminore,quam
741 1185 822 1236 -Una
843 1183 981 1256 Philippeo
1005 1186 1132 1256 sanguino
1153 1186 1241 1237 inusta

193 1263 250 1317 lieri
273 1258 403 1329 debebat,
426 1281 489 1316 cura
506 1275 626 1316 tractata.
652 1263 693 1315 De
737 1273 834 1314 nota.»
855 1262 983 1314 Miremur
1000 1275 1108 1332 poetam
1129 1279 1240 1326 eorum,

191 1343 305 1416 Egypto
316 1343 432 1415 loquitur
443 1365 450 1393 :
464 1343 548 1394 r'l'rea
559 1341 605 1394 ubi
615 1344 694 1393 Pom·
739 1359 796 1414 qum
804 1343 862 1413 ipae
871 1339 950 1407 diiii,
961 1339 1080 1394 oblitum.
1093 1340 1155 1393 Sola
1164 1340 1241 1392 Cleo·

190 1423 253 1493 peio
280 1421 394 1474 detraxit
416 1439 496 1474 arena
528 1420 692 1492 triumphos!
736 1429 812 1491 patra
837 1418 976 1492 Philippeo
1005 1421 1127 1490 sanguini
1153 1421 1240 1472 inuata

193 1499 368 1554 Toleranda
379 1501 432 1555 dies
443 1501 693 1568 hunctibi‚lloma‚
737 1513 801 1553 nota
827 1513 883 1566 est,
905 1499 962 1552 ecla
987 1519 1018 1554 ea
1041 1499 1240 1553 Ptolemaeorum

191 1589 291 1632 notem.
306 1577 529 1650 laaeutPhlegrreo
540 1577 634 1632 melina
644 1577 693 1630 tibi
737 1583 892 1650 sanguinem
910 1578 1094 1646 dedecoravit,
1112 1598 1167 1632 non
1183 1579 1241 1631 Au·

192 1654 285 1708 lunam
300 1673 412 1728 campo,
428 1655 476 1708 Vel
492 1668 538 1708 tua
556 1657 578 1709 ai
598 1674 692 1710 socero
736 1659 801 1713 letes
816 1659 874 1728 ille,
894 1679 908 1711 a
927 1678 981 1732 quo
998 1661 1096 1712 factam
1112 1661 1241 1730 Pompeio

192 1735 383 1790 colladaturua
398 1755 464 1788 eras.
482 1737 586 1790 Scilicet
600 1739 693 1790 incerti
736 1742 860 1810 iujuriam
882 1759 937 1792 non
960 1757 1017 1792 esse
1041 1737 1124 1791 ultam
1143 1750 1241 1792 eterno

192 1817 313 1868 meretrix
323 1819 411 1888 regina
421 1815 541 1888 Canopi,
558 1817 616 1870 Una
628 1818 692 1870 Pni-
736 1821 826 1874 Rome
844 1819 988 1891 opprobrio
1006 1819 1066 1872 fuit.
1083 1817 1241 1879 Nonnehic

193 1894 280 1966 lippeo
291 1895 418 1968 sanquine
429 1899 515 1948 inuata
531 1907 608 1962 nota,
621 1897 693 1949 duaa
736 1901 836 1972 pariter
859 1919 889 1952 ac
909 1899 1051 1972 Cleopatra
1069 1901 1137 1950 iuter
1153 1897 1242 1950 Ptole-

191 1977 250 2027 Jovi
275 1988 367 2028 nostro
390 1976 528 2028 latrantem
557 1975 693 2047 obponere
737 1995 862 2032 marorum
889 1981 974 2052 gentio
996 1977 1128 2032 dedecora
1148 1996 1242 2030 nume-

192 2055 315 2118 Annbin‚
339 2057 371 2107 Et
389 2055 506 2106 Tiberim
525 2053 577 2106 Nili
598 2074 693 2125 cogere
736 2053 908 2110 randuaiAd
918 2055 1241 2129 hoctunpuineprocaau

192 2133 261 2186 ferre
284 2135 368 2186 minas
384 2139 417 2185 l·
444 2133 490 2186 Ille
510 2153 615 2200 versus,
639 2153 692 2206 quo
737 2138 816 2188 tertio
842 2153 897 2186 non
928 2135 994 2187 lerre
1022 2132 1242 2187 consuetudinem

192 2213 346 2283 Pompeium
362 2211 494 2264 Ptolemaei
509 2209 570 2264 dolo
586 2213 694 2264 interfe·
737 2211 884 2284 Propertii,
899 2211 933 2264 ad
952 2211 1049 2263 librum
1065 2213 1116 2275 Ν,
1137 2213 1167 2275 8,
1193 2229 1242 2278 ro,

192 2303 265 2343 ctum
276 2293 364 2344 Rome
377 2303 475 2344 aterno
489 2291 593 2343 crimini
603 2291 693 2358 vertit,
738 2289 914 2344 ostendemus.
928 2290 978 2344 Sed
989 2289 1045 2343 baec
1060 2288 1167 2362 quidem
1176 2293 1241 2343 Sca-

191 2389 333 2444 auapentoa
346 2373 432 2424 tenuit
449 2371 570 2438 criticos,
585 2370 693 2424 tandem
737 2368 813 2440 ligeri
827 2371 935 2440 potins,
953 2387 1033 2441 quam
1051 2369 1180 2440 Propertii
1196 2379 1242 2421 aut

192 2448 292 2503 delatos
312 2469 360 2515 eo,
379 2461 410 2502 ut
429 2451 556 2515 Romam,
577 2447 693 2523 perlidioe
738 2446 905 2502 librariorum
919 2447 996 2520 eulpa
1008 2459 1061 2509 est;
1075 2465 1139 2498 nam
1155 2449 1241 2500 intesta

193 2527 293 2582 ultione
307 2529 429 2597 dimissa,
445 2542 570 2582 aternam
586 2529 693 2602 culpam
738 2525 771 2578 ab
790 2526 835 2579 illo
854 2540 908 2594 est,
929 2527 1021 2597 scripti
1035 2543 1127 2578 omnes
1142 2523 1250 2576 habent

192 2609 318 2660 meruisse
327 2608 524 2661 contenderent.
540 2607 692 2662 Sedcaven-
737 2605 837 2658 adusto.
854 2607 888 2656 dt
904 2603 956 2656 boc
976 2615 1031 2655 tam
1052 2601 1141 2654 cenaui
1160 2618 1242 2672 quam

192 2681 694 2757 dumeratPropertio,neeonn1me-
737 2685 913 2754 grammatice
935 2695 1023 2733 nocet.
1051 2678 1103 2732 Sed
1130 2678 1241 2731 alterum

191 2759 258 2813 lioue
273 2763 301 2812 iu
319 2762 467 2834 Augustum
488 2764 594 2816 diceret.
612 2764 642 2816 ld
655 2767 693 2818 la·
738 2762 844 2828 itidem,
863 2763 902 2813 uti
921 2759 1042 2812 vidimus.
1067 2756 1147 2809 Aliud
1164 2758 1243 2829 igitur

191 2839 244 2905 cit,
262 2837 338 2891 nulla
358 2838 399 2891 die
420 2839 563 2894 tollendam
578 2845 694 2914 ignomi-
738 2844 827 2912 potius
841 2839 884 2892 hic
900 2839 1056 2893 tentandum
1069 2851 1138 2904 erat,
1154 2850 1180 2889 et
1192 2855 1242 2908 pu-

193 2917 264 2969 niam
274 2915 455 2988 praedicando,
471 2937 550 2990 quam
562 2921 694 2991 Augustus
739 2933 765 2971 to
780 2939 821 2971 me
834 2939 926 2972 verum
942 2919 1048 2983 vidisse,
1061 2935 1157 2987 nempe
1174 2914 1242 2967 duou

194 3013 224 3048 ea
243 2999 302 3069 ipea
316 2995 375 3062 die,
392 3015 447 3068 qua
465 2995 606 3070 Cleopatra
625 3000 695 3051 victa
738 2999 862 3050 verauain
874 2994 1244 3051 idemvocabnlumdeainen·

192 3089 265 3142 erut,
286 3076 435 3130 sustulerat.
453 3078 598 3144 Praeterea,
614 3079 695 3131 nimia
739 3091 778 3129 tes
797 3075 858 3129 loca
879 3095 926 3129 ana
947 3089 1112 3127 commutare
1129 3073 1243 3143 debere,

191 3157 314 3228 profecto
336 3155 443 3210 licentia
468 3169 525 3222 eet,
549 3155 695 3228 Memphim
739 3154 793 3206 hoc
809 3155 909 3207 modo:
929 3157 1034 3208 uNoxia
1054 3151 1242 3220 Alexandrea,

193 3240 307 3309 primum
318 3234 434 3308 alloqui:
448 3261 459 3284 ι
469 3237 501 3288 Et
515 3237 593 3290 toties
604 3251 695 3290 nostro
740 3232 807 3286 dolia
819 3235 955 3306 aptissima
965 3232 1056 3296 tellus,
1066 3233 1099 3284 Et
1108 3233 1187 3284 toties
1196 3250 1243 3283 no·

193 3315 314 3387 Memphi
323 3329 431 3367 cruenta
441 3313 526 3376 malo;
537 3339 548 3363 ι
558 3327 694 3381 tumvero,
739 3323 793 3365 atro
810 3312 927 3384 Memphi
947 3323 1055 3364 cruenta
1073 3310 1157 3376 malo,
1178 3311 1242 3362 Tres

193 3393 319 3464 Pompeio
346 3407 573 3459 commemorato,
604 3393 695 3446 u'l'res
740 3391 786 3444 nbi
800 3395 926 3464 Pompeio
936 3391 1048 3444 detraxit
1058 3407 1139 3442 arena
1149 3389 1243 3441 trium-

194 3469 241 3522 ubi
251 3473 377 3544 Pompeio
389 3472 501 3525 detraxit
514 3491 593 3524 arena
602 3474 695 3525 trium·
739 3471 829 3545 phou,
857 3473 916 3524 Una
943 3469 1084 3542 Philippeo
1115 3469 1243 3544 sanquine

193 3545 298 3620 phoa,·
320 3547 351 3600 ad
370 3551 481 3602 Romam
501 3549 613 3624 dirigere
634 3569 696 3602 ora·
740 3546 1242 3624 aduttanotd.lssentPhlegraeomelius

195 3629 295 3680 tionem
311 3650 316 3679 :
337 3631 443 3684 n'l'ollet
463 3631 535 3685 nullu
551 3632 606 3685 dies
626 3631 695 3685 hanc
739 3631 788 3684 tibi
804 3633 898 3684 lunera
915 3650 1029 3703 campo,
1044 3629 1093 3682 Vel
1106 3641 1152 3680 tua
1167 3629 1188 3678 ui
1200 3645 1241 3677 so·

196 3705 260 3774 tibi,
276 3707 373 3774 Roma,
391 3723 520 3774 notam·
536 3723 592 3762 tom
607 3714 696 3783 proxi·
739 3732 801 3766 cero
813 3711 998 3786 colladnturua
1009 3729 1076 3763 eras.
1087 3706 1192 3759 Scilicet
1203 3707 1241 3756 in·

195 3803 240 3836 mo
253 3802 344 3850 remu,
358 3787 444 3840 Romae
456 3791 649 3856 immemorem,
661 3788 695 3843 ad
738 3791 802 3843 ceati
817 3790 939 3843 meretrix
951 3789 1039 3859 regina
1054 3788 1158 3857 Canopi
1169 3783 1243 3850 (Tol-

194 3865 350 3936 Pompeium
368 3883 426 3918 aeae
445 3883 598 3922 convertere
612 3891 618 3921 ι
639 3871 695 3922 -n-
739 3869 775 3921 let
786 3868 862 3921 nulla
873 3867 926 3918 dies
938 3867 1005 3918 hanc
1016 3865 1077 3932 tibi,
1088 3865 1184 3929 noma,
1197 3879 1242 3916 no·

196 3956 254 3996 sent
273 3941 407 4016 Phlegraeo
428 3945 582 4000 meliceridi
599 3948 694 4001 funera
739 3949 804 4018 toni)
821 3947 892 3999 Ausa
911 3947 969 3998 lovi
990 3955 1081 3996 noatro
1103 3943 1241 3994 latrantem

196 4043 290 4097 campo
299 4061 307 4091 ,
317 4023 365 4075 Vel
381 4035 424 4077 tua
436 4027 457 4077 ai
471 4043 560 4079 socero
576 4027 641 4079 eolla
651 4027 694 4080 da·
739 4027 874 4100 obponere
883 4025 995 4078 Anubim
1005 4063 1013 4090 ,
1024 4023 1179 4076 Et‘l'iberim
1186 4019 1241 4074 Nili
