<?xml version="1.0" encoding="UTF-8"?>
<!DOCTYPE html PUBLIC "-//W3C//DTD XHTML 1.0 Transitional//EN"
    "http://www.w3.org/TR/xhtml1/DTD/xhtml1-transitional.dtd">
<html xmlns="http://www.w3.org/1999/xhtml" xml:lang="en" lang="en">
 <head>
  <title>
</title>
<meta http-equiv="Content-Type" content="text/html;charset=utf-8" />
  <meta name='ocr-system' content='tesseract 3.04.00' />
  <meta name='ocr-capabilities' content='ocr_page ocr_carea ocr_par ocr_line ocrx_word'/>
</head>
<body>
  <div class='ocr_page' id='page_1' title='image "./sextiaureliipro00propgoog_0399.png"; bbox 0 0 3128 4760; ppageno 0'>
   <div class='ocr_carea' id='block_1_1' title="bbox 565 535 985 634">
    <p class='ocr_par' dir='ltr' id='par_1_1' title="bbox 565 535 985 634">
     <span class='ocr_line' id='line_1_1' title="bbox 565 535 985 634; baseline 0.002 -3"><span class='ocrx_word' id='word_1_1' title='bbox 565 535 813 634; x_wconf 80' lang='lat' dir='ltr'><strong>ELEGIA</strong></span> <span class='ocrx_word' id='word_1_2' title='bbox 839 539 898 632; x_wconf 87' lang='lat' dir='ltr'>X.</span> <span class='ocrx_word' id='word_1_3' title='bbox 981 603 985 617; x_wconf 83' lang='lat'><strong>·</strong></span> 
     </span>
    </p>
   </div>
   <div class='ocr_carea' id='block_1_2' title="bbox 484 746 1004 862">
    <p class='ocr_par' dir='ltr' id='par_1_2' title="bbox 484 746 1004 862">
     <span class='ocr_line' id='line_1_2' title="bbox 484 746 1004 862; baseline 0.012 -22"><span class='ocrx_word' id='word_1_4' title='bbox 484 773 702 862; x_wconf 20' lang='lat' dir='ltr'>,uirinrs</span> <span class='ocrx_word' id='word_1_5' title='bbox 724 746 1004 846; x_wconf 58' lang='lat' dir='ltr'>crurum!</span> 
     </span>
    </p>
   </div>
   <div class='ocr_carea' id='block_1_3' title="bbox 677 945 789 991">
    <p class='ocr_par' dir='ltr' id='par_1_3' title="bbox 677 945 789 991">
     <span class='ocr_line' id='line_1_3' title="bbox 709 945 712 954; baseline 0 0"><span class='ocrx_word' id='word_1_6' title='bbox 709 945 712 954; x_wconf 78' lang='grc' dir='ltr'><strong>ι</strong></span> 
     </span>
     <span class='ocr_line' id='line_1_4' title="bbox 677 973 789 991; baseline 0 -4"><span class='ocrx_word' id='word_1_7' title='bbox 677 973 789 991; x_wconf 63' lang='lat' dir='ltr'>an*—</span> 
     </span>
    </p>
   </div>
   <div class='ocr_carea' id='block_1_4' title="bbox 260 1077 1267 2421">
    <p class='ocr_par' dir='ltr' id='par_1_4' title="bbox 260 1077 1267 2421">
     <span class='ocr_line' id='line_1_5' title="bbox 260 1077 1103 1211; baseline 0.007 -26"><span class='ocrx_word' id='word_1_8' title='bbox 260 1077 452 1199; x_wconf 78' lang='lat' dir='ltr'>Mrutntn,</span> <span class='ocrx_word' id='word_1_9' title='bbox 468 1115 631 1211; x_wconf 84' lang='lat' dir='ltr'><strong>quidnam</strong></span> <span class='ocrx_word' id='word_1_10' title='bbox 641 1121 810 1188; x_wconf 83' lang='lat' dir='ltr'>misissent</span> <span class='ocrx_word' id='word_1_11' title='bbox 820 1141 920 1186; x_wconf 89' lang='lat' dir='ltr'>mane</span> <span class='ocrx_word' id='word_1_12' title='bbox 930 1122 1103 1205; x_wconf 69' lang='lat' dir='ltr'>Camenae,</span> 
     </span>
     <span class='ocr_line' id='line_1_6' title="bbox 307 1226 1068 1312; baseline 0.009 -19"><span class='ocrx_word' id='word_1_13' title='bbox 307 1231 393 1294; x_wconf 82' lang='lat' dir='ltr'><strong>Ante</strong></span> <span class='ocrx_word' id='word_1_14' title='bbox 403 1248 519 1294; x_wconf 88' lang='lat' dir='ltr'>meum</span> <span class='ocrx_word' id='word_1_15' title='bbox 531 1241 673 1309; x_wconf 87' lang='lat' dir='ltr'>stantes,</span> <span class='ocrx_word' id='word_1_16' title='bbox 690 1226 760 1297; x_wconf 85' lang='lat' dir='ltr'>sole</span> <span class='ocrx_word' id='word_1_17' title='bbox 771 1227 930 1312; x_wconf 89' lang='lat' dir='ltr'>rubente,</span> <span class='ocrx_word' id='word_1_18' title='bbox 942 1245 1068 1300; x_wconf 50' lang='lat' dir='ltr'>torum.¹</span> 
     </span>
     <span class='ocr_line' id='line_1_7' title="bbox 260 1335 954 1434; baseline 0.004 -28"><span class='ocrx_word' id='word_1_19' title='bbox 260 1335 387 1406; x_wconf 81' lang='lat' dir='ltr'>Natalis</span> <span class='ocrx_word' id='word_1_20' title='bbox 402 1353 525 1408; x_wconf 82' lang='lat' dir='ltr'>nostrae</span> <span class='ocrx_word' id='word_1_21' title='bbox 537 1339 671 1432; x_wconf 80' lang='lat' dir='ltr'>signum</span> <span class='ocrx_word' id='word_1_22' title='bbox 682 1343 803 1408; x_wconf 85' lang='lat' dir='ltr'>misere</span> <span class='ocrx_word' id='word_1_23' title='bbox 814 1337 954 1434; x_wconf 85' lang='lat' dir='ltr'>pueliae,</span> 
     </span>
     <span class='ocr_line' id='line_1_8' title="bbox 305 1446 1021 1543; baseline 0.004 -28"><span class='ocrx_word' id='word_1_24' title='bbox 305 1453 348 1516; x_wconf 85' lang='lat' dir='ltr'>Et</span> <span class='ocrx_word' id='word_1_25' title='bbox 358 1446 514 1516; x_wconf 85' lang='lat' dir='ltr'>manibus</span> <span class='ocrx_word' id='word_1_26' title='bbox 527 1449 656 1518; x_wconf 81' lang='lat' dir='ltr'>faustos</span> <span class='ocrx_word' id='word_1_27' title='bbox 668 1465 720 1518; x_wconf 87' lang='lat' dir='ltr'>ter</span> <span class='ocrx_word' id='word_1_28' title='bbox 733 1471 896 1543; x_wconf 81' lang='lat' dir='ltr'>crepuere</span> <span class='ocrx_word' id='word_1_29' title='bbox 908 1473 1021 1520; x_wconf 89' lang='lat' dir='ltr'>sonos.</span> 
     </span>
     <span class='ocr_line' id='line_1_9' title="bbox 260 1556 1262 1644; baseline 0.006 -18"><span class='ocrx_word' id='word_1_30' title='bbox 260 1561 426 1626; x_wconf 81' lang='lat' dir='ltr'>Transeat</span> <span class='ocrx_word' id='word_1_31' title='bbox 436 1556 491 1626; x_wconf 91' lang='lat' dir='ltr'>hic</span> <span class='ocrx_word' id='word_1_32' title='bbox 504 1561 576 1628; x_wconf 83' lang='lat' dir='ltr'>sine</span> <span class='ocrx_word' id='word_1_33' title='bbox 587 1557 679 1627; x_wconf 91' lang='lat' dir='ltr'>nube</span> <span class='ocrx_word' id='word_1_34' title='bbox 693 1557 781 1644; x_wconf 87' lang='lat' dir='ltr'>dies,</span> <span class='ocrx_word' id='word_1_35' title='bbox 798 1575 888 1628; x_wconf 85' lang='lat' dir='ltr'>stent</span> <span class='ocrx_word' id='word_1_36' title='bbox 899 1583 977 1628; x_wconf 86' lang='lat' dir='ltr'>aere</span> <span class='ocrx_word' id='word_1_37' title='bbox 988 1565 1098 1644; x_wconf 86' lang='lat' dir='ltr'>venti,</span> <span class='ocrx_word' id='word_1_38' title='bbox 1246 1569 1262 1632; x_wconf 74' lang='lat' dir='ltr'>i</span> 
     </span>
     <span class='ocr_line' id='line_1_10' title="bbox 308 1667 1009 1740; baseline 0.003 -4"><span class='ocrx_word' id='word_1_39' title='bbox 308 1673 414 1736; x_wconf 82' lang='lat' dir='ltr'>Ponet</span> <span class='ocrx_word' id='word_1_40' title='bbox 427 1685 461 1736; x_wconf 89' lang='lat' dir='ltr'>et</span> <span class='ocrx_word' id='word_1_41' title='bbox 472 1671 508 1738; x_wconf 88' lang='lat' dir='ltr'>in</span> <span class='ocrx_word' id='word_1_42' title='bbox 521 1669 611 1738; x_wconf 87' lang='lat' dir='ltr'>sioco</span> <span class='ocrx_word' id='word_1_43' title='bbox 624 1667 771 1738; x_wconf 85' lang='lat' dir='ltr'>molliter</span> <span class='ocrx_word' id='word_1_44' title='bbox 784 1667 877 1738; x_wconf 84' lang='lat' dir='ltr'>unda</span> <span class='ocrx_word' id='word_1_45' title='bbox 890 1672 1009 1740; x_wconf 80' lang='lat' dir='ltr'>minus.</span> 
     </span>
     <span class='ocr_line' id='line_1_11' title="bbox 262 1775 1021 1871; baseline 0.003 -26"><span class='ocrx_word' id='word_1_46' title='bbox 262 1776 453 1871; x_wconf 82' lang='lat' dir='ltr'>Adspiciam</span> <span class='ocrx_word' id='word_1_47' title='bbox 464 1775 578 1846; x_wconf 89' lang='lat' dir='ltr'>nullos</span> <span class='ocrx_word' id='word_1_48' title='bbox 592 1777 756 1846; x_wconf 87' lang='lat' dir='ltr'>hodierna</span> <span class='ocrx_word' id='word_1_49' title='bbox 766 1778 843 1846; x_wconf 82' lang='lat' dir='ltr'>luce</span> <span class='ocrx_word' id='word_1_50' title='bbox 856 1777 1021 1861; x_wconf 83' lang='lat' dir='ltr'>dolentes,</span> 
     </span>
     <span class='ocr_line' id='line_1_12' title="bbox 308 1889 1053 1985; baseline 0 -27"><span class='ocrx_word' id='word_1_51' title='bbox 308 1895 352 1959; x_wconf 87' lang='lat' dir='ltr'>Et</span> <span class='ocrx_word' id='word_1_52' title='bbox 364 1889 481 1958; x_wconf 74' lang='lat' dir='ltr'>Niobae</span> <span class='ocrx_word' id='word_1_53' title='bbox 492 1889 659 1983; x_wconf 82' lang='lat' dir='ltr'>iacrymas</span> <span class='ocrx_word' id='word_1_54' title='bbox 674 1893 863 1985; x_wconf 86' lang='lat' dir='ltr'>supprimat</span> <span class='ocrx_word' id='word_1_55' title='bbox 873 1891 945 1984; x_wconf 84' lang='lat' dir='ltr'>ipse</span> <span class='ocrx_word' id='word_1_56' title='bbox 955 1889 1053 1984; x_wconf 84' lang='lat' dir='ltr'>lapis.</span> 
     </span>
     <span class='ocr_line' id='line_1_13' title="bbox 261 1998 1057 2095; baseline 0.004 -30"><span class='ocrx_word' id='word_1_57' title='bbox 261 1998 453 2091; x_wconf 74' lang='lat' dir='ltr'>Alcyonurn</span> <span class='ocrx_word' id='word_1_58' title='bbox 463 2001 583 2092; x_wconf 81' lang='lat' dir='ltr'>positis</span> <span class='ocrx_word' id='word_1_59' title='bbox 594 2003 808 2095; x_wconf 86' lang='lat' dir='ltr'>requiescant</span> <span class='ocrx_word' id='word_1_60' title='bbox 819 2024 880 2068; x_wconf 85' lang='lat' dir='ltr'>ora</span> <span class='ocrx_word' id='word_1_61' title='bbox 891 2000 1057 2094; x_wconf 80' lang='lat' dir='ltr'>querelis&#39;3</span> 
     </span>
     <span class='ocr_line' id='line_1_14' title="bbox 312 2108 1267 2204; baseline 0.007 -31"><span class='ocrx_word' id='word_1_62' title='bbox 312 2109 468 2198; x_wconf 88' lang='lat' dir='ltr'>increpet</span> <span class='ocrx_word' id='word_1_63' title='bbox 478 2108 674 2178; x_wconf 84' lang='lat' dir='ltr'>absumtum</span> <span class='ocrx_word' id='word_1_64' title='bbox 685 2131 748 2176; x_wconf 90' lang='lat' dir='ltr'>nec</span> <span class='ocrx_word' id='word_1_65' title='bbox 760 2133 822 2177; x_wconf 86' lang='lat' dir='ltr'>sua</span> <span class='ocrx_word' id='word_1_66' title='bbox 834 2126 942 2178; x_wconf 89' lang='lat' dir='ltr'>mater</span> <span class='ocrx_word' id='word_1_67' title='bbox 954 2113 1042 2204; x_wconf 69' lang='lat' dir='ltr'>Ityn.</span> <span class='ocrx_word' id='word_1_68' title='bbox 1236 2143 1267 2180; x_wconf 83' lang='grc' dir='ltr'>ιο</span> 
     </span>
     <span class='ocr_line' id='line_1_15' title="bbox 264 2215 1053 2312; baseline 0.003 -26"><span class='ocrx_word' id='word_1_69' title='bbox 264 2223 401 2312; x_wconf 86' lang='lat' dir='ltr'>Tuque,</span> <span class='ocrx_word' id='word_1_70' title='bbox 414 2240 524 2286; x_wconf 83' lang='lat' dir='ltr'>ocare</span> <span class='ocrx_word' id='word_1_71' title='bbox 536 2215 636 2299; x_wconf 89' lang='lat' dir='ltr'>mihi,</span> <span class='ocrx_word' id='word_1_72' title='bbox 648 2215 802 2286; x_wconf 87' lang='lat' dir='ltr'>felicibus</span> <span class='ocrx_word' id='word_1_73' title='bbox 813 2217 902 2286; x_wconf 87' lang='lat' dir='ltr'>edita</span> <span class='ocrx_word' id='word_1_74' title='bbox 912 2223 1053 2311; x_wconf 86' lang='lat' dir='ltr'>pennis,</span> 
     </span>
     <span class='ocr_line' id='line_1_16' title="bbox 308 2325 1024 2421; baseline -0.003 -26"><span class='ocrx_word' id='word_1_75' title='bbox 308 2329 431 2419; x_wconf 78' lang='lat' dir='ltr'>Surge,</span> <span class='ocrx_word' id='word_1_76' title='bbox 443 2343 477 2394; x_wconf 89' lang='lat' dir='ltr'>et</span> <span class='ocrx_word' id='word_1_77' title='bbox 487 2343 665 2419; x_wconf 85' lang='lat' dir='ltr'>poscentes</span> <span class='ocrx_word' id='word_1_78' title='bbox 674 2327 767 2421; x_wconf 86' lang='lat' dir='ltr'>justu</span> <span class='ocrx_word' id='word_1_79' title='bbox 779 2347 918 2420; x_wconf 77' lang='lat' dir='ltr'>precare</span> <span class='ocrx_word' id='word_1_80' title='bbox 932 2325 1024 2395; x_wconf 87' lang='lat' dir='ltr'>deos.</span> 
     </span>
    </p>
   </div>
   <div class='ocr_carea' id='block_1_5' title="bbox 216 2499 1299 4079">
    <p class='ocr_par' dir='ltr' id='par_1_5' title="bbox 216 2499 1299 4079">
     <span class='ocr_line' id='line_1_17' title="bbox 258 2499 1271 2585; baseline 0.005 -20"><span class='ocrx_word' id='word_1_81' title='bbox 258 2511 549 2585; x_wconf 77' lang='lat' dir='ltr'>r.Mt&#39;radur,qssidnnm</span> <span class='ocrx_word' id='word_1_82' title='bbox 559 2511 722 2584; x_wconf 67' lang='lat' dir='ltr'>persignnns</span> <span class='ocrx_word' id='word_1_83' title='bbox 765 2529 819 2564; x_wconf 87' lang='lat' dir='ltr'>uno</span> <span class='ocrx_word' id='word_1_84' title='bbox 838 2529 916 2565; x_wconf 78' lang='lat' dir='ltr'>versu</span> <span class='ocrx_word' id='word_1_85' title='bbox 936 2531 993 2565; x_wconf 89' lang='lat' dir='ltr'>non</span> <span class='ocrx_word' id='word_1_86' title='bbox 1012 2499 1168 2584; x_wconf 51' lang='lat' dir='ltr'>scripsisses</span> <span class='ocrx_word' id='word_1_87' title='bbox 1180 2543 1216 2554; x_wconf 92' lang='lat'><em>-</em></span> <span class='ocrx_word' id='word_1_88' title='bbox 1234 2513 1271 2570; x_wconf 61' lang='lat' dir='ltr'>Et</span> 
     </span>
     <span class='ocr_line' id='line_1_18' title="bbox 217 2587 1270 2666; baseline 0.006 -24"><span class='ocrx_word' id='word_1_89' title='bbox 217 2591 343 2644; x_wconf 76' lang='lat' dir='ltr'>misissent</span> <span class='ocrx_word' id='word_1_90' title='bbox 372 2593 516 2653; x_wconf 82' lang='lat' dir='ltr'>Camenoe,·</span> <span class='ocrx_word' id='word_1_91' title='bbox 547 2593 623 2662; x_wconf 76' lang='lat' dir='ltr'>signo</span> <span class='ocrx_word' id='word_1_92' title='bbox 650 2592 721 2643; x_wconf 80' lang='lat' dir='ltr'>iacto</span> <span class='ocrx_word' id='word_1_93' title='bbox 765 2590 857 2646; x_wconf 69' lang='lat' dir='ltr'>Niobe</span> <span class='ocrx_word' id='word_1_94' title='bbox 877 2591 943 2664; x_wconf 82' lang='lat' dir='ltr'>lapis</span> <span class='ocrx_word' id='word_1_95' title='bbox 962 2591 1110 2664; x_wconf 79' lang='lat' dir='ltr'>supprimat</span> <span class='ocrx_word' id='word_1_96' title='bbox 1130 2587 1270 2666; x_wconf 77' lang='lat' dir='ltr'>iacrymas.</span> 
     </span>
     <span class='ocr_line' id='line_1_19' title="bbox 220 2666 1235 2742; baseline 0.005 -22"><span class='ocrx_word' id='word_1_97' title='bbox 220 2666 346 2739; x_wconf 82' lang='lat' dir='ltr'>quidnam</span> <span class='ocrx_word' id='word_1_98' title='bbox 363 2667 469 2720; x_wconf 75' lang='lat' dir='ltr'>vellent.</span> <span class='ocrx_word' id='word_1_99' title='bbox 484 2671 602 2736; x_wconf 74' lang='lat' dir='ltr'>Mittere,</span> <span class='ocrx_word' id='word_1_100' title='bbox 618 2687 666 2742; x_wconf 85' lang='lat' dir='ltr'>per</span> <span class='ocrx_word' id='word_1_101' title='bbox 685 2670 722 2721; x_wconf 91' lang='lat' dir='ltr'>si·</span> <span class='ocrx_word' id='word_1_102' title='bbox 765 2669 833 2723; x_wconf 79' lang='lat' dir='ltr'>Vide</span> <span class='ocrx_word' id='word_1_103' title='bbox 844 2671 882 2738; x_wconf 83' lang='lat' dir='ltr'>ii,</span> <span class='ocrx_word' id='word_1_104' title='bbox 895 2687 945 2734; x_wconf 73' lang='grc' dir='ltr'>ιο,</span> <span class='ocrx_word' id='word_1_105' title='bbox 959 2687 984 2740; x_wconf 85' lang='lat'>7.</span> <span class='ocrx_word' id='word_1_106' title='bbox 1226 2675 1235 2682; x_wconf 70' lang='grc'>“’</span> 
     </span>
     <span class='ocr_line' id='line_1_20' title="bbox 216 2745 1271 2821; baseline 0.007 -24"><span class='ocrx_word' id='word_1_107' title='bbox 216 2763 302 2817; x_wconf 66' lang='lat' dir='ltr'>gnum</span> <span class='ocrx_word' id='word_1_108' title='bbox 313 2747 418 2798; x_wconf 86' lang='lat' dir='ltr'>mittere</span> <span class='ocrx_word' id='word_1_109' title='bbox 427 2784 435 2812; x_wconf 92' lang='lat'>,</span> <span class='ocrx_word' id='word_1_110' title='bbox 444 2745 516 2818; x_wconf 89' lang='lat' dir='ltr'>quod</span> <span class='ocrx_word' id='word_1_111' title='bbox 526 2767 556 2800; x_wconf 83' lang='lat' dir='ltr'>ex</span> <span class='ocrx_word' id='word_1_112' title='bbox 566 2767 643 2802; x_wconf 69' lang='lat' dir='ltr'>seran</span> <span class='ocrx_word' id='word_1_113' title='bbox 655 2749 671 2801; x_wconf 85' lang='lat'>3</span> <span class='ocrx_word' id='word_1_114' title='bbox 681 2749 721 2800; x_wconf 89' lang='lat' dir='ltr'>in-</span> <span class='ocrx_word' id='word_1_115' title='bbox 805 2763 845 2802; x_wconf 89' lang='grc' dir='ltr'>ιο.</span> <span class='ocrx_word' id='word_1_116' title='bbox 864 2747 985 2821; x_wconf 77' lang='lat' dir='ltr'>Increpet</span> <span class='ocrx_word' id='word_1_117' title='bbox 1002 2767 1048 2800; x_wconf 87' lang='lat' dir='ltr'>nec</span> <span class='ocrx_word' id='word_1_118' title='bbox 1065 2765 1112 2802; x_wconf 81' lang='lat' dir='ltr'>sus</span> <span class='ocrx_word' id='word_1_119' title='bbox 1125 2760 1210 2802; x_wconf 71' lang='lat' dir='ltr'>maur</span> <span class='ocrx_word' id='word_1_120' title='bbox 1223 2753 1271 2804; x_wconf 77' lang='lat' dir='ltr'>ab-</span> 
     </span>
     <span class='ocr_line' id='line_1_21' title="bbox 219 2821 1268 2899; baseline 0.008 -23"><span class='ocrx_word' id='word_1_121' title='bbox 219 2821 391 2896; x_wconf 68' lang='lat' dir='ltr'>teilipendnm</span> <span class='ocrx_word' id='word_1_122' title='bbox 404 2837 452 2876; x_wconf 86' lang='lat' dir='ltr'>est.</span> <span class='ocrx_word' id='word_1_123' title='bbox 766 2837 879 2879; x_wconf 65' lang='lat' dir='ltr'>umnam</span> <span class='ocrx_word' id='word_1_124' title='bbox 895 2827 968 2898; x_wconf 83' lang='lat' dir='ltr'>Ityn.</span> <span class='ocrx_word' id='word_1_125' title='bbox 980 2823 1048 2878; x_wconf 85' lang='lat' dir='ltr'>Vide</span> <span class='ocrx_word' id='word_1_126' title='bbox 1063 2839 1156 2880; x_wconf 83' lang='lat' dir='ltr'>notatu</span> <span class='ocrx_word' id='word_1_127' title='bbox 1166 2831 1205 2895; x_wconf 91' lang='lat' dir='ltr'>ii,</span> <span class='ocrx_word' id='word_1_128' title='bbox 1221 2846 1268 2899; x_wconf 81' lang='grc' dir='ltr'>ιο,</span> 
     </span>
     <span class='ocr_line' id='line_1_22' title="bbox 256 2901 1270 2981; baseline 0.009 -27"><span class='ocrx_word' id='word_1_129' title='bbox 256 2903 281 2970; x_wconf 67' lang='lat' dir='ltr'>d.</span> <span class='ocrx_word' id='word_1_130' title='bbox 303 2901 429 2974; x_wconf 73' lang='lat' dir='ltr'>crepuere</span> <span class='ocrx_word' id='word_1_131' title='bbox 436 2901 539 2973; x_wconf 76' lang='lat' dir='ltr'>faustos</span> <span class='ocrx_word' id='word_1_132' title='bbox 549 2923 624 2958; x_wconf 87' lang='lat' dir='ltr'>sones</span> <span class='ocrx_word' id='word_1_133' title='bbox 636 2905 723 2958; x_wconf 81' lang='lat' dir='ltr'>mani-</span> <span class='ocrx_word' id='word_1_134' title='bbox 768 2905 800 2969; x_wconf 85' lang='lat'>5,</span> <span class='ocrx_word' id='word_1_135' title='bbox 817 2905 864 2957; x_wconf 87' lang='lat' dir='ltr'>nbi</span> <span class='ocrx_word' id='word_1_136' title='bbox 885 2908 965 2958; x_wconf 82' lang='lat' dir='ltr'>etiam</span> <span class='ocrx_word' id='word_1_137' title='bbox 983 2905 1016 2958; x_wconf 89' lang='lat' dir='ltr'>de</span> <span class='ocrx_word' id='word_1_138' title='bbox 1037 2905 1118 2959; x_wconf 82' lang='lat' dir='ltr'>verbo</span> <span class='ocrx_word' id='word_1_139' title='bbox 1138 2907 1270 2981; x_wconf 71' lang='lat' dir='ltr'>increpare</span> 
     </span>
     <span class='ocr_line' id='line_1_23' title="bbox 222 2981 879 3053; baseline -0.002 -16"><span class='ocrx_word' id='word_1_140' title='bbox 222 2985 275 3037; x_wconf 83' lang='lat' dir='ltr'>bus.</span> <span class='ocrx_word' id='word_1_141' title='bbox 293 2983 401 3053; x_wconf 77' lang='lat' dir='ltr'>crepere</span> <span class='ocrx_word' id='word_1_142' title='bbox 412 2997 473 3032; x_wconf 87' lang='lat' dir='ltr'>oum</span> <span class='ocrx_word' id='word_1_143' title='bbox 489 2997 552 3034; x_wconf 85' lang='lat' dir='ltr'>caea</span> <span class='ocrx_word' id='word_1_144' title='bbox 565 2993 676 3052; x_wconf 83' lang='lat' dir='ltr'>quarto,</span> <span class='ocrx_word' id='word_1_145' title='bbox 693 2995 723 3034; x_wconf 93' lang='lat' dir='ltr'>ut</span> <span class='ocrx_word' id='word_1_146' title='bbox 768 2981 879 3036; x_wconf 83' lang='lat' dir='ltr'>dictum.</span> 
     </span>
     <span class='ocr_line' id='line_1_24' title="bbox 222 3057 1299 3137; baseline 0.002 -27"><span class='ocrx_word' id='word_1_147' title='bbox 222 3061 355 3131; x_wconf 83' lang='lat' dir='ltr'>inerepare</span> <span class='ocrx_word' id='word_1_148' title='bbox 372 3058 482 3110; x_wconf 81' lang='lat' dir='ltr'>Ovidius</span> <span class='ocrx_word' id='word_1_149' title='bbox 503 3059 530 3110; x_wconf 88' lang='lat' dir='ltr'>in</span> <span class='ocrx_word' id='word_1_150' title='bbox 548 3057 638 3124; x_wconf 81' lang='lat' dir='ltr'>ibide,</span> <span class='ocrx_word' id='word_1_151' title='bbox 652 3057 722 3111; x_wconf 77' lang='lat'><strong>230:</strong></span> <span class='ocrx_word' id='word_1_152' title='bbox 807 3077 847 3112; x_wconf 87' lang='grc' dir='ltr'>ιι.</span> <span class='ocrx_word' id='word_1_153' title='bbox 860 3059 967 3114; x_wconf 75' lang='lat' dir='ltr'>Editesn</span> <span class='ocrx_word' id='word_1_154' title='bbox 977 3059 1119 3133; x_wconf 68' lang='lat' dir='ltr'>Cynthium</span> <span class='ocrx_word' id='word_1_155' title='bbox 1128 3065 1223 3136; x_wconf 84' lang='lat' dir='ltr'>pennis</span> <span class='ocrx_word' id='word_1_156' title='bbox 1225 3065 1271 3137; x_wconf 77' lang='lat' dir='ltr'>fe-</span> <span class='ocrx_word' id='word_1_157' title='bbox 1295 3104 1299 3112; x_wconf 93' lang='lat'><em>.</em></span> 
     </span>
     <span class='ocr_line' id='line_1_25' title="bbox 224 3138 1273 3212; baseline 0.011 -24"><span class='ocrx_word' id='word_1_158' title='bbox 224 3164 236 3188; x_wconf 80' lang='grc' dir='ltr'><strong>ι</strong></span> <span class='ocrx_word' id='word_1_159' title='bbox 258 3139 362 3212; x_wconf 81' lang='lat' dir='ltr'>Terque</span> <span class='ocrx_word' id='word_1_160' title='bbox 396 3153 545 3193; x_wconf 79' lang='lat' dir='ltr'>cruentatas</span> <span class='ocrx_word' id='word_1_161' title='bbox 576 3139 724 3210; x_wconf 74' lang='lat' dir='ltr'>increpuere</span> <span class='ocrx_word' id='word_1_162' title='bbox 768 3138 860 3196; x_wconf 73' lang='lat' dir='ltr'>licitus</span> <span class='ocrx_word' id='word_1_163' title='bbox 873 3139 954 3207; x_wconf 83' lang='lat' dir='ltr'>dicit,</span> <span class='ocrx_word' id='word_1_164' title='bbox 967 3155 1058 3194; x_wconf 82' lang='lat' dir='ltr'>natam</span> <span class='ocrx_word' id='word_1_165' title='bbox 1071 3141 1164 3196; x_wconf 73' lang='lat' dir='ltr'>inustis</span> <span class='ocrx_word' id='word_1_166' title='bbox 1178 3147 1273 3200; x_wconf 85' lang='lat' dir='ltr'>omini·</span> 
     </span>
     <span class='ocr_line' id='line_1_26' title="bbox 222 3215 1272 3298; baseline 0.01 -28"><span class='ocrx_word' id='word_1_167' title='bbox 222 3237 324 3272; x_wconf 76' lang='lat' dir='ltr'>mansu,</span> <span class='ocrx_word' id='word_1_168' title='bbox 335 3239 347 3263; x_wconf 77' lang='grc' dir='ltr'><strong>ι</strong></span> <span class='ocrx_word' id='word_1_169' title='bbox 364 3215 506 3283; x_wconf 75' lang='lat' dir='ltr'>Martialis,</span> <span class='ocrx_word' id='word_1_170' title='bbox 527 3217 610 3290; x_wconf 69' lang='lat' dir='ltr'>epigr.</span> <span class='ocrx_word' id='word_1_171' title='bbox 624 3217 662 3282; x_wconf 84' lang='lat' dir='ltr'>V,</span> <span class='ocrx_word' id='word_1_172' title='bbox 676 3231 722 3286; x_wconf 84' lang='lat'>19,</span> <span class='ocrx_word' id='word_1_173' title='bbox 767 3215 828 3272; x_wconf 80' lang='lat' dir='ltr'>bns.</span> <span class='ocrx_word' id='word_1_174' title='bbox 843 3219 942 3273; x_wconf 77' lang='lat' dir='ltr'>Penne</span> <span class='ocrx_word' id='word_1_175' title='bbox 953 3238 1002 3292; x_wconf 89' lang='lat' dir='ltr'>pro</span> <span class='ocrx_word' id='word_1_176' title='bbox 1015 3219 1122 3290; x_wconf 79' lang='lat' dir='ltr'>aribus,</span> <span class='ocrx_word' id='word_1_177' title='bbox 1131 3240 1163 3275; x_wconf 85' lang='lat' dir='ltr'>ex</span> <span class='ocrx_word' id='word_1_178' title='bbox 1175 3223 1272 3298; x_wconf 86' lang='lat' dir='ltr'>quibus</span> 
     </span>
     <span class='ocr_line' id='line_1_27' title="bbox 226 3292 1273 3372; baseline 0.004 -23"><span class='ocrx_word' id='word_1_179' title='bbox 226 3297 273 3364; x_wconf 68' lang='lat' dir='ltr'>ti:</span> <span class='ocrx_word' id='word_1_180' title='bbox 287 3299 362 3367; x_wconf 66' lang='lat' dir='ltr'>eQui</span> <span class='ocrx_word' id='word_1_181' title='bbox 376 3307 460 3368; x_wconf 79' lang='lat' dir='ltr'>erepti</span> <span class='ocrx_word' id='word_1_182' title='bbox 471 3292 599 3360; x_wconf 75' lang='lat' dir='ltr'>numios,</span> <span class='ocrx_word' id='word_1_183' title='bbox 613 3293 724 3348; x_wconf 78' lang='lat' dir='ltr'>forsitan</span> <span class='ocrx_word' id='word_1_184' title='bbox 769 3297 887 3369; x_wconf 70' lang='lat' dir='ltr'>auguria.</span> <span class='ocrx_word' id='word_1_185' title='bbox 900 3295 941 3350; x_wconf 83' lang='lat' dir='ltr'>Sic</span> <span class='ocrx_word' id='word_1_186' title='bbox 951 3299 1070 3372; x_wconf 66' lang='lat' dir='ltr'>propetis</span> <span class='ocrx_word' id='word_1_187' title='bbox 1076 3317 1171 3372; x_wconf 75' lang='lat' dir='ltr'>pennoe</span> <span class='ocrx_word' id='word_1_188' title='bbox 1182 3303 1273 3356; x_wconf 80' lang='lat' dir='ltr'>omina</span> 
     </span>
     <span class='ocr_line' id='line_1_28' title="bbox 223 3373 1273 3448; baseline 0.008 -22"><span class='ocrx_word' id='word_1_189' title='bbox 223 3393 291 3427; x_wconf 84' lang='lat' dir='ltr'>nnus</span> <span class='ocrx_word' id='word_1_190' title='bbox 300 3377 356 3428; x_wconf 86' lang='lat' dir='ltr'>erit.</span> <span class='ocrx_word' id='word_1_191' title='bbox 368 3399 379 3424; x_wconf 76' lang='lat' dir='ltr'>s</span> <span class='ocrx_word' id='word_1_192' title='bbox 768 3373 905 3448; x_wconf 72' lang='lat' dir='ltr'>Virgilius,</span> <span class='ocrx_word' id='word_1_193' title='bbox 921 3375 1024 3430; x_wconf 80' lang='lat' dir='ltr'>AEneid.</span> <span class='ocrx_word' id='word_1_194' title='bbox 1039 3379 1089 3446; x_wconf 89' lang='lat' dir='ltr'>ill,</span> <span class='ocrx_word' id='word_1_195' title='bbox 1101 3379 1170 3446; x_wconf 81' lang='lat'>361,</span> <span class='ocrx_word' id='word_1_196' title='bbox 1185 3394 1212 3437; x_wconf 86' lang='lat' dir='ltr'>et</span> <span class='ocrx_word' id='word_1_197' title='bbox 1222 3381 1273 3438; x_wconf 80' lang='lat' dir='ltr'>niis</span> 
     </span>
     <span class='ocr_line' id='line_1_29' title="bbox 260 3451 1274 3530; baseline 0.008 -26"><span class='ocrx_word' id='word_1_198' title='bbox 260 3451 285 3504; x_wconf 80' lang='lat'>5.</span> <span class='ocrx_word' id='word_1_199' title='bbox 301 3454 378 3507; x_wconf 74' lang='lat' dir='ltr'>Sient</span> <span class='ocrx_word' id='word_1_200' title='bbox 396 3454 467 3507; x_wconf 70' lang='lat' dir='ltr'>senti</span> <span class='ocrx_word' id='word_1_201' title='bbox 478 3471 552 3516; x_wconf 84' lang='lat' dir='ltr'>aere,·</span> <span class='ocrx_word' id='word_1_202' title='bbox 571 3453 724 3523; x_wconf 85' lang='lat' dir='ltr'>quiescant,</span> <span class='ocrx_word' id='word_1_203' title='bbox 766 3455 916 3530; x_wconf 71' lang='lat' dir='ltr'>pernicibus</span> <span class='ocrx_word' id='word_1_204' title='bbox 930 3455 1023 3507; x_wconf 80' lang='lat' dir='ltr'>addere</span> <span class='ocrx_word' id='word_1_205' title='bbox 1034 3453 1172 3508; x_wconf 82' lang='lat' dir='ltr'>eonsilium</span> <span class='ocrx_word' id='word_1_206' title='bbox 1186 3455 1274 3512; x_wconf 85' lang='lat' dir='ltr'>dietus</span> 
     </span>
     <span class='ocr_line' id='line_1_30' title="bbox 223 3529 1275 3608; baseline 0.009 -27"><span class='ocrx_word' id='word_1_207' title='bbox 223 3541 336 3583; x_wconf 80' lang='lat' dir='ltr'>taceant.</span> <span class='ocrx_word' id='word_1_208' title='bbox 347 3561 381 3572; x_wconf 88' lang='lat'>-</span> <span class='ocrx_word' id='word_1_209' title='bbox 392 3533 427 3584; x_wconf 85' lang='lat' dir='ltr'>in</span> <span class='ocrx_word' id='word_1_210' title='bbox 438 3532 520 3597; x_wconf 80' lang='lat' dir='ltr'>sicco,</span> <span class='ocrx_word' id='word_1_211' title='bbox 532 3532 559 3582; x_wconf 90' lang='lat' dir='ltr'>in</span> <span class='ocrx_word' id='word_1_212' title='bbox 573 3529 658 3582; x_wconf 89' lang='lat' dir='ltr'>litore.</span> <span class='ocrx_word' id='word_1_213' title='bbox 769 3533 874 3608; x_wconf 78' lang='lat' dir='ltr'>Jupiter</span> <span class='ocrx_word' id='word_1_214' title='bbox 894 3532 969 3605; x_wconf 85' lang='lat' dir='ltr'>spud</span> <span class='ocrx_word' id='word_1_215' title='bbox 986 3535 1050 3587; x_wconf 82' lang='lat' dir='ltr'>Stat.</span> <span class='ocrx_word' id='word_1_216' title='bbox 1073 3533 1202 3587; x_wconf 84' lang='lat' dir='ltr'>Thebaid.</span> <span class='ocrx_word' id='word_1_217' title='bbox 1223 3537 1275 3604; x_wconf 83' lang='lat'>111,</span> 
     </span>
     <span class='ocr_line' id='line_1_31' title="bbox 263 3608 1276 3684; baseline 0.004 -23"><span class='ocrx_word' id='word_1_218' title='bbox 263 3623 288 3678; x_wconf 86' lang='lat'>7.</span> <span class='ocrx_word' id='word_1_219' title='bbox 312 3609 461 3680; x_wconf 81' lang='lat' dir='ltr'>Adspiciam</span> <span class='ocrx_word' id='word_1_220' title='bbox 488 3608 576 3664; x_wconf 83' lang='lat' dir='ltr'>nullos</span> <span class='ocrx_word' id='word_1_221' title='bbox 601 3608 727 3662; x_wconf 77' lang='lat' dir='ltr'>dodisma</span> <span class='ocrx_word' id='word_1_222' title='bbox 771 3611 833 3682; x_wconf 68' lang='lat'>471.</span> <span class='ocrx_word' id='word_1_223' title='bbox 846 3641 881 3652; x_wconf 86' lang='lat'><em>-</em></span> <span class='ocrx_word' id='word_1_224' title='bbox 894 3611 931 3661; x_wconf 80' lang='lat' dir='ltr'>Et</span> <span class='ocrx_word' id='word_1_225' title='bbox 943 3621 1074 3684; x_wconf 83' lang='lat' dir='ltr'>poscentes</span> <span class='ocrx_word' id='word_1_226' title='bbox 1085 3611 1156 3681; x_wconf 67' lang='lat' dir='ltr'>furta</span> <span class='ocrx_word' id='word_1_227' title='bbox 1168 3628 1276 3683; x_wconf 76' lang='lat' dir='ltr'>presure</span> 
     </span>
     <span class='ocr_line' id='line_1_32' title="bbox 225 3684 1276 3756; baseline 0.007 -19"><span class='ocrx_word' id='word_1_228' title='bbox 225 3684 285 3738; x_wconf 83' lang='lat' dir='ltr'>isses</span> <span class='ocrx_word' id='word_1_229' title='bbox 297 3687 417 3742; x_wconf 76' lang='lat' dir='ltr'>dolentes.</span> <span class='ocrx_word' id='word_1_230' title='bbox 429 3690 527 3744; x_wconf 86' lang='lat' dir='ltr'>Teneri</span> <span class='ocrx_word' id='word_1_231' title='bbox 542 3689 623 3742; x_wconf 84' lang='lat' dir='ltr'>enimi</span> <span class='ocrx_word' id='word_1_232' title='bbox 634 3701 728 3740; x_wconf 78' lang='lat' dir='ltr'>votum</span> <span class='ocrx_word' id='word_1_233' title='bbox 771 3692 836 3744; x_wconf 84' lang='lat' dir='ltr'>deos.</span> <span class='ocrx_word' id='word_1_234' title='bbox 850 3689 931 3742; x_wconf 84' lang='lat' dir='ltr'>Recte</span> <span class='ocrx_word' id='word_1_235' title='bbox 939 3689 997 3756; x_wconf 82' lang='lat' dir='ltr'>hie,</span> <span class='ocrx_word' id='word_1_236' title='bbox 1007 3689 1217 3742; x_wconf 82' lang='lat' dir='ltr'>siBnrmanuurn</span> <span class='ocrx_word' id='word_1_237' title='bbox 1229 3709 1276 3744; x_wconf 85' lang='lat' dir='ltr'>au·</span> 
     </span>
     <span class='ocr_line' id='line_1_33' title="bbox 226 3755 1276 3840; baseline 0.005 -22"><span class='ocrx_word' id='word_1_238' title='bbox 226 3767 358 3818; x_wconf 79' lang='lat' dir='ltr'>eximium.</span> <span class='ocrx_word' id='word_1_239' title='bbox 372 3769 404 3818; x_wconf 92' lang='lat' dir='ltr'>ln</span> <span class='ocrx_word' id='word_1_240' title='bbox 415 3769 499 3822; x_wconf 79' lang='lat' dir='ltr'>veritis</span> <span class='ocrx_word' id='word_1_241' title='bbox 518 3768 604 3840; x_wconf 78' lang='lat' dir='ltr'>qualis</span> <span class='ocrx_word' id='word_1_242' title='bbox 619 3767 727 3838; x_wconf 61' lang='lat' dir='ltr'>degan-</span> <span class='ocrx_word' id='word_1_243' title='bbox 773 3767 872 3833; x_wconf 86' lang='lat' dir='ltr'>dirnus,</span> <span class='ocrx_word' id='word_1_244' title='bbox 885 3769 971 3840; x_wconf 69' lang='lat' dir='ltr'>ajusto</span> <span class='ocrx_word' id='word_1_245' title='bbox 979 3785 1083 3840; x_wconf 80' lang='lat' dir='ltr'>poscere</span> <span class='ocrx_word' id='word_1_246' title='bbox 1091 3755 1276 3838; x_wconf 79' lang='lat' dir='ltr'>dicinturdii,</span> 
     </span>
     <span class='ocr_line' id='line_1_34' title="bbox 226 3843 1277 3919; baseline 0.003 -21"><span class='ocrx_word' id='word_1_247' title='bbox 226 3847 318 3898; x_wconf 75' lang='lat' dir='ltr'>tiaiin</span> <span class='ocrx_word' id='word_1_248' title='bbox 330 3849 528 3916; x_wconf 83' lang='lat' dir='ltr'>ipsaseutentia</span> <span class='ocrx_word' id='word_1_249' title='bbox 540 3845 625 3919; x_wconf 84' lang='lat' dir='ltr'>qualis</span> <span class='ocrx_word' id='word_1_250' title='bbox 643 3844 729 3900; x_wconf 77' lang='lat' dir='ltr'>enasi-</span> <span class='ocrx_word' id='word_1_251' title='bbox 774 3846 936 3918; x_wconf 73' lang='lat' dir='ltr'>praesertim,</span> <span class='ocrx_word' id='word_1_252' title='bbox 953 3856 983 3895; x_wconf 91' lang='lat' dir='ltr'>nt</span> <span class='ocrx_word' id='word_1_253' title='bbox 1003 3843 1046 3897; x_wconf 88' lang='lat' dir='ltr'>die</span> <span class='ocrx_word' id='word_1_254' title='bbox 1059 3843 1142 3897; x_wconf 69' lang='lat' dir='ltr'>nauli</span> <span class='ocrx_word' id='word_1_255' title='bbox 1155 3863 1206 3917; x_wconf 89' lang='lat' dir='ltr'>pro</span> <span class='ocrx_word' id='word_1_256' title='bbox 1224 3850 1277 3901; x_wconf 77' lang='lat' dir='ltr'>vite</span> 
     </span>
     <span class='ocr_line' id='line_1_35' title="bbox 227 3921 1277 4001; baseline -0.002 -23"><span class='ocrx_word' id='word_1_257' title='bbox 227 3931 283 3979; x_wconf 83' lang='lat' dir='ltr'>tas!</span> <span class='ocrx_word' id='word_1_258' title='bbox 298 3929 422 3981; x_wconf 82' lang='lat' dir='ltr'>Carmina</span> <span class='ocrx_word' id='word_1_259' title='bbox 434 3927 565 4000; x_wconf 77' lang='lat' dir='ltr'>Propertii</span> <span class='ocrx_word' id='word_1_260' title='bbox 577 3940 604 3980; x_wconf 87' lang='lat' dir='ltr'>et</span> <span class='ocrx_word' id='word_1_261' title='bbox 618 3925 731 3980; x_wconf 84' lang='lat' dir='ltr'>aliorum</span> <span class='ocrx_word' id='word_1_262' title='bbox 775 3923 826 3978; x_wconf 80' lang='lat' dir='ltr'>sibi</span> <span class='ocrx_word' id='word_1_263' title='bbox 840 3933 942 3976; x_wconf 80' lang='lat' dir='ltr'>serrata</span> <span class='ocrx_word' id='word_1_264' title='bbox 955 3923 1052 3994; x_wconf 69' lang='lat' dir='ltr'>gratiss</span> <span class='ocrx_word' id='word_1_265' title='bbox 1066 3921 1117 3976; x_wconf 88' lang='lat' dir='ltr'>iilis</span> <span class='ocrx_word' id='word_1_266' title='bbox 1134 3937 1194 3996; x_wconf 70' lang='lat' dir='ltr'>agat</span> <span class='ocrx_word' id='word_1_267' title='bbox 1207 3926 1277 4001; x_wconf 70' lang='lat' dir='ltr'>cyn-</span> 
     </span>
     <span class='ocr_line' id='line_1_36' title="bbox 228 4003 1278 4079; baseline 0 -19"><span class='ocrx_word' id='word_1_268' title='bbox 228 4006 312 4060; x_wconf 85' lang='lat' dir='ltr'>rnulta</span> <span class='ocrx_word' id='word_1_269' title='bbox 331 4019 409 4074; x_wconf 87' lang='lat' dir='ltr'>sunt,</span> <span class='ocrx_word' id='word_1_270' title='bbox 427 4023 485 4079; x_wconf 72' lang='lat' dir='ltr'>qne</span> <span class='ocrx_word' id='word_1_271' title='bbox 504 4003 597 4060; x_wconf 77' lang='lat' dir='ltr'>vellem</span> <span class='ocrx_word' id='word_1_272' title='bbox 612 4025 667 4078; x_wconf 77' lang='lat' dir='ltr'>prae</span> <span class='ocrx_word' id='word_1_273' title='bbox 680 4005 732 4059; x_wconf 85' lang='lat' dir='ltr'>hoe</span> <span class='ocrx_word' id='word_1_274' title='bbox 774 4003 848 4072; x_wconf 79' lang='lat' dir='ltr'>titia,</span> <span class='ocrx_word' id='word_1_275' title='bbox 859 4015 886 4056; x_wconf 89' lang='lat' dir='ltr'>et</span> <span class='ocrx_word' id='word_1_276' title='bbox 896 4019 1032 4074; x_wconf 81' lang='lat' dir='ltr'>praeessu</span> <span class='ocrx_word' id='word_1_277' title='bbox 1046 4015 1110 4055; x_wconf 79' lang='lat' dir='ltr'>sota</span> <span class='ocrx_word' id='word_1_278' title='bbox 1126 4003 1153 4055; x_wconf 88' lang='lat' dir='ltr'>in</span> <span class='ocrx_word' id='word_1_279' title='bbox 1165 4021 1278 4078; x_wconf 80' lang='lat' dir='ltr'>sequen·</span> 
     </span>
    </p>
   </div>
   <div class='ocr_carea' id='block_1_6' title="bbox 1055 4094 1109 4161">
    <p class='ocr_par' dir='ltr' id='par_1_6' title="bbox 1055 4094 1109 4161">
     <span class='ocr_line' id='line_1_37' title="bbox 1055 4094 1109 4161; baseline 0.019 -1"><span class='ocrx_word' id='word_1_280' title='bbox 1055 4094 1109 4161; x_wconf 80' lang='lat'>25.</span> 
     </span>
    </p>
   </div>
   <div class='ocr_carea' id='block_1_7' title="bbox 0 0 1593 4760">
    <p class='ocr_par' dir='ltr' id='par_1_7' title="bbox 0 0 1593 4760">
     <span class='ocr_line' id='line_1_38' title="bbox 0 0 1593 4760; baseline 0 0"><span class='ocrx_word' id='word_1_281' title='bbox 0 0 1593 4760; x_wconf 95' lang='lat' dir='ltr'> </span> 
     </span>
    </p>
   </div>
  </div>
 </body>
</html>
