3128 4760
310 378 378 466 394
494 407 498 414 ·
594 373 857 439 PROPERTII
883 373 971 438 ΗΒ.
999 375 1067 438 111.

354 507 440 570 Nom
452 497 535 595 quid
549 523 610 592 ego
622 499 758 582 heroas,
771 499 853 594 quid
867 517 998 594 raptem
1009 503 1045 570 in
1058 503 1197 569 crimina
1209 501 1324 572 divos?

401 617 419 680 J
423 615 554 706 uppiter
565 610 705 679 iniamat
710 634 819 706 ¹seque
832 633 994 706 suamque
1006 608 1156 680 domum.

354 723 464 810 Quid?
475 722 577 792 modo
589 746 664 816 quae
675 725 798 790 nostris
811 721 992 815 opprobrio
1005 739 1141 792 vexerat
1153 726 1257 792 armis

401 837 444 900 Et
454 831 599 900 famulos
610 834 699 900 inter
709 833 835 902 femina
845 835 924 900 tn'ta
935 840 1032 900 snos!
1320 847 1354 900 30

354 939 496 1034 Conjugi
507 959 540 1011 et
551 941 696 1010 obscoeni
708 944 854 1037 pretium
866 947 1014 1010 Romano
1024 927 1189 1035 poposcit

400 1055 539 1136 Moenia,
553 1069 587 1122 et
597 1051 748 1122 addictos
761 1055 797 1120 in
811 1075 872 1120 sun
886 1075 989 1144 regnu
1002 1059 1133 1144 putres!
1243 1099 1247 1116 .

355 1167 461 1231 Noxia
472 1162 694 1246 Alexandrea,
707 1163 794 1232 dolis
808 1165 981 1256 aptissima
995 1162 1111 1248 tellus,

400 1277 442 1341 Et
455 1276 551 1341 toties
564 1289 680 1342 nostro
691 1271 842 1365 Memphi
854 1289 996 1342 cruenta
1008 1271 1115 1356 melo,

354 1389 438 1452 Tres
451 1383 509 1452 ubi
521 1387 681 1478 Pompeio
693 1384 838 1454 detraxit
848 1408 951 1453 arene
962 1383 1170 1476 triumphos!
1322 1395 1355 1448 3⁵

401 1495 512 1564 Tollet
523 1495 619 1564 nulla
629 1495 700 1564 dies
711 1495 799 1564 hunc
809 1495 888 1578 tibi,
901 1501 1023 1577 Rome,
1037 1509 1163 1562 notam.

307 1665 386 1718 fidem
400 1666 523 1721 observet
545 1677 634 1740 poeta.
658 1669 810 1722 Semirami-
854 1685 890 1720 ue
916 1679 942 1720 et
971 1669 1130 1719 extrincecus
1153 1664 1279 1717 arceetitt
1304 1662 1357 1735 legi

309 1743 369 1796 dem
383 1747 468 1818 captis
484 1748 583 1799 Bactris
593 1747 735 1818 imperasse
746 1745 811 1797 Dio-
854 1764 945 1810 nunc,
967 1765 1024 1819 quae
1045 1759 1100 1798 tem
1117 1745 1174 1798 fuer
1195 1743 1307 1809 Noster,
1328 1754 1358 1794 ut

309 1822 391 1876 dorus
403 1837 496 1876 auctor
508 1839 555 1878 est.
853 1827 973 1898 Augusto
988 1823 1125 1894 aduletur,
1142 1824 1175 1876 de
1190 1825 1273 1875 fracto
1283 1819 1357 1876 Cleo·

353 1919 395 1972 27·
412 1903 484 1956 Nam
506 1903 571 1976 quid
592 1921 653 1976 eqo,
670 1913 721 1954 etc.
748 1899 812 1974 quid
854 1905 1069 1976 patraesuperbie
1081 1900 1355 1956 enarret—Sensus:

308 1979 416 2045 heroes,
438 1981 502 2052 quid
522 1984 594 2054 ipsos
613 1981 678 2033 deos
697 1982 812 2053 turpiter
857 1981 972 2049 aQnid?
990 1981 1067 2054 quale
1083 1999 1168 2052 nuper
1186 1977 1301 2032 dedecus
1317 1995 1358 2030 ar·

309 2063 393 2112 amori
419 2061 554 2132 subjectos
581 2061 712 2114 referem?
739 2063 811 2114 Nam
855 2059 1358 2136 mienoetrisperabatvelregineme·

308 2139 387 2211 quid,
401 2139 541 2211 quidnam,
556 2153 586 2192 ut
600 2141 639 2207 11,
656 2140 747 2208 32,3,
759 2143 810 2208 111,
855 2143 952 2194 retrix!
972 2143 1054 2213 turpis
1071 2143 1150 2193 etiem
1165 2140 1280 2212 conjugii
1299 2155 1359 2210 pre·

313 2235 413 2290 ¹9r17·
855 2223 921 2276 tium
941 2223 1052 2274 Romam
1071 2241 1174 2276 servem
1194 2233 1221 2274 et
1230 2233 1358 2272 uenatum

345 2315 389 2368 ²9·
401 2295 589 2368 Quidimodo,
602 2309 652 2350 etc.
665 2297 811 2368 seperatim
854 2313 976 2352 nostrum
993 2317 1104 2372 poscere
1121 2298 1193 2352 illurn
1208 2317 1298 2367 ensem
1315 2315 1358 2348 et-

309 2373 385 2428 editis
394 2374 591 2447 quatuordecim
597 2375 731 2450 prioribus
741 2373 812 2428 disti-
855 2384 900 2434 se!
913 2381 1011 2432 nConf.
1023 2379 1116 2432 Horat.
1131 2379 1218 2432 Cam.
1228 2380 1253 2444 1,
1269 2377 1317 2446 37,
1331 2373 1357 2428 6:

309 2453 381 2521 obis,
400 2473 497 2507 novum
515 2467 542 2506 et
555 2457 685 2527 integrum
700 2452 812 2524 elegiam
858 2457 941 2511 «dum
954 2455 1088 2530 Capitolio
1105 2457 1204 2528 Regina
1221 2453 1358 2507 dementes

308 2532 374 2585 facit
387 2532 422 2584 ab
436 2532 477 2584 hie
495 2532 628 2595 Kut'noe15
650 2533 694 2584 .si
709 2545 812 2584 senten·
856 2539 944 2590 ruinae
960 2537 1049 2589 Funus
1066 2548 1092 2587 et
1108 2535 1219 2606 imperio
1230 2531 1358 2606 parabat,

308 2614 403 2664 tiorum
417 2629 528 2679 nexum,
546 2629 632 2662 rernm
646 2612 671 2662 in
687 2609 739 2663 hoc
754 2628 811 2662 cur·
856 2616 1042 2670 contaminato
1062 2633 1123 2667 cum
1145 2631 1224 2685 grege
1242 2612 1360 2684 turpium

309 2695 380 2745 mine
397 2691 532 2743 obviarurn
547 2694 718 2758 varietatem,
730 2694 812 2764 inpri-
855 2694 951 2747 Morbo
969 2695 1097 2746 virorum.
1113 2717 1124 2740 ι
1146 2721 1180 2732 —
1197 2691 1270 2744 Trita
1293 2689 1361 2742 inter

309 2774 411 2844 mleque
432 2771 555 2822 carminis
577 2773 676 2824 exitum
700 2773 810 2842 respici·
849 2769 990 2845 famulos,
1012 2771 1171 2824 famulorum
1195 2789 1242 2841 per
1267 2787 1360 2820 monus

310 2868 380 2916 mue,
404 2848 469 2902 duae
487 2848 601 2903 diversas
623 2849 719 2922 elegiae
742 2849 768 2902 h.
793 2850 810 2902 l.
856 2853 925 2906 toeue
941 2855 1003 2906 trite
1024 2852 1181 2906 communis.
1198 2878 1233 2890 -
1249 2849 1361 2924 Gonjupi

309 2931 465 3001 conjunctus
487 2947 543 2982 eree
563 2927 640 2983 facile
663 2930 808 3002 intelligi.»
856 2945 881 2986 et
896 2933 1012 3000 obsceni,
1026 2946 1077 2985 etc.
1087 2931 1189 2996 Florus,
1201 2929 1245 2994 IV,
1263 2944 1308 2994 11,
1321 2945 1334 2980 ²
1351 2949 1358 2978 :

308 3009 365 3080 Ego
379 3021 450 3060 certe
470 3025 524 3059 non
536 3007 668 3082 intelligo,
686 3009 734 3062 ced
752 3027 812 3082 per·
858 3015 941 3066 «Haec
965 3011 1061 3065 mulier
1084 3011 1205 3084 AEflyptiu
1229 3005 1262 3060 ab
1286 3005 1359 3060 ebrio

309 3089 378 3142 bene
387 3107 535 3141 connexum
546 3091 597 3141 itu:
610 3112 620 3135 a
631 3089 703 3158 Quid
709 3103 811 3142 veteres
855 3094 1013 3163 imperatore
1032 3089 1180 3163 (Antonio)
1197 3087 1311 3159 pretium
1325 3085 1359 3137 li-

309 3166 450 3233 biotorius,
470 3167 532 3239 quid
553 3167 653 3221 Medeae
673 3167 744 3221 facta
768 3182 812 3221 uut
856 3171 977 3225 bidinum
995 3171 1143 3222 Romanum
1158 3168 1299 3239 imperium
1313 3185 1359 3236 pe·

310 3245 487 3299 Semiramidis
499 3250 660 3320 potentium,
678 3262 703 3301 ct
718 3245 811 3300 heroes
857 3254 897 3302 tit.
922 3274 933 3297 n
963 3250 1082 3322 Conjupi.
1112 3247 1232 3320 Conjuqis
1254 3244 1360 3298 obsceni

310 3339 336 3378 et
349 3324 413 3378 deos
428 3329 538 3396 turpiter
551 3328 744 3378 amorisservoe
757 3344 812 3377 roe-
855 3330 967 3401 pretium
978 3327 1038 3381 libri
1050 3345 1157 3390 omnes;
1174 3325 1259 3376 critici
1271 3342 1360 3378 emen·

309 3405 812 3478 moremillecaetotenostrnCleopa·
856 3409 962 3461 datione
990 3421 1062 3460 certa
1091 3405 1210 3478 Conjupr'i
1237 3403 1360 3470 obsceni,

310 3497 376 3538 trem
387 3483 462 3548 vitle;
476 3485 629 3558 AEgyptiaca
643 3482 812 3556 mulierquid
857 3506 1014 3560 quamquam
1035 3504 1085 3536 nec
1103 3485 1165 3537 eatis
1186 3496 1249 3534 erat.
1270 3480 1360 3534 Scribe

312 3585 374 3618 aueo
395 3568 445 3633 eit,
467 3581 592 3637 reputor
615 3567 758 3628 Prteterca‚
777 3583 811 3617 ne
856 3587 916 3620 cum
927 3565 1112 3628 bethmanno,
1126 3559 1362 3636 additaporticula

310 3645 390 3699 verba
417 3647 506 3718 Quid?
525 3645 601 3698 modo
622 3662 678 3716 quor
700 3645 811 3712 nostris,
856 3658 903 3699 et:
923 3645 1032 3718 coujupi
1054 3654 1080 3695 et
1099 3643 1207 3696 obscaem'
1227 3642 1360 3714 pretium

311 3740 361 3778 etc.
372 3730 482 3780 carmini
491 3727 594 3779 initium
606 3723 713 3790 darent,
721 3743 813 3778 teneus
857 3723 931 3776 nlitcr
943 3741 1091 3796 pronomen
1100 3740 1158 3792 quc
1167 3739 1244 3774 versu
1257 3727 1290 3792 ²9
1305 3736 1359 3770 non

310 3806 415 3858 vetabat
426 3818 452 3858 et
470 3807 593 3859 dictionis
612 3803 708 3876 regule
719 3825 726 3866 ;
747 3807 814 3858 scin·
856 3801 1023 3874 intelligimus
1036 3811 1135 3873 quanta
1147 3801 1300 3874 opprobrio,
1312 3797 1360 3852 ted

312 3882 375 3946 dere
393 3887 472 3958 igitur
489 3883 538 3936 hos
561 3901 652 3936 versus
675 3884 702 3933 in
727 3895 814 3954 partes
855 3883 924 3936 falso
938 3881 1151 3956 cleopatraque.

312 3961 379 4016 dune
391 3965 487 4017 fultum
497 3961 626 4034 judiciuin
645 3961 814 4031 fuit.Quanr·
893 3963 936 4016 36.
955 3961 1043 4015 Tcllet
1060 3961 1137 4015 nulla
1155 3962 1220 4026 dies,
1240 3973 1290 4012 etc.
1310 3957 1359 4010 Di·

312 4061 390 4116 quarn
406 4063 446 4098 res
459 4055 509 4098 stat
521 4056 591 4096 certa
604 4053 631 4096 et
645 4057 731 4116 putot,
751 4045 814 4096 alie·
858 4055 924 4096 serre
938 4039 1125 4096 anhmonnns
1135 4055 1161 4094 et
1174 4039 1294 4110 egregie,
1304 4033 1360 4086 vul-
