3132 4756
329 289 394 358 528
617 291 879 358 PROPERTll
902 294 991 360 Llll.
1019 295 1079 358 IV.

417 416 593 512 Multaque
604 431 779 486 canantes
792 416 914 487 umbra
924 419 1058 511 tegebat
1068 442 1157 488 ovas.
1339 435 1375 486 30
1462 512 1468 531 x
1552 391 1553 400 ἵ

372 532 448 598 Huc
459 529 527 596 ruit
537 529 572 595 in
585 529 707 596 siccam
719 543 878 620 congesto
890 527 1030 622 pulvere
1041 529 1199 612 barbam,

419 642 462 705 Et
467 637 551 733 jacit
560 657 638 708 ante
650 639 739 706 fores
750 637 853 706 verba
864 641 995 708 minora
1006 638 1090 708 deo:

300 795 301 798 κ
371 755 440 817 Vos
452 771 586 842 preoor,
600 772 621 814 o
632 746 699 816 luci
712 769 806 816 sacro
815 771 895 843 ,quta
906 745 1022 817 luditis
1033 765 1150 834 antro,

418 859 556 928 Pandite
568 857 709 927 defessis
723 857 856 952 hospita
867 858 947 926 fana
958 862 1048 928 viris.

372 975 486 1039 Fontis
498 995 599 1064 egens
612 993 706 1052 erro,
719 971 874 1064 circaque
886 972 1040 1039 sonantia
1050 971 1218 1066 lymphis,
1338 985 1374 1037 35

417 1087 460 1150 Et
469 1105 551 1150 cava
562 1099 720 1174 suscepto
731 1079 872 1148 flumine
883 1079 997 1174 palma
1008 1095 1058 1156 sat
1073 1096 1135 1147 est.

371 1192 562 1264 audistisne
573 1190 736 1288 aliquem,
749 1209 843 1286 tergo
856 1195 914 1287 qui
926 1189 1061 1260 sustulit
1072 1191 1210 1260 orbem?

418 1303 479 1372 Ille
491 1327 553 1396 ago
565 1325 642 1370 sum
654 1329 662 1384 ;
676 1301 817 1371 Alciden
828 1318 919 1379 tarra
929 1317 1063 1395 recepto
1074 1317 1182 1371 vooat.

370 1418 453 1503 Quis
467 1415 554 1482 facta
566 1411 742 1481 Herculem
753 1436 824 1482 nou
835 1411 929 1480 audit
939 1413 1038 1480 fortia
1051 1411 1172 1496 clava,

415 1531 458 1592 Et
469 1546 657 1618 numquam
668 1520 712 1589 ad
723 1539 819 1590 nutas
831 1525 924 1590 irrita
935 1521 1001 1592 tela
1012 1521 1119 1606 feras,
1337 1535 1375 1604 to

371 1644 478 1731 Atque
490 1639 549 1704 uni
561 1635 691 1728 Stygias
702 1631 832 1702 homini
844 1632 968 1703 luxisse
980 1631 1157 1703 tenebras?

369 1854 474 1944 Quid,
489 1858 516 1924 si
527 1853 655 1924 ‘Junoni
667 1879 802 1923 sacrum
812 1854 968 1922 faceretis
979 1861 1124 1924 amarae?

353 1999 357 2007 ¹
418 1972 494 2036 Non
505 1967 680 2036 clausisset
691 1990 797 2062 aquas
811 1971 883 2061 ipsa
895 1989 1040 2036 noverca
1052 1989 1140 2035 suas.

323 2170 434 2236 cellum,
447 2185 476 2224 nt
493 2191 570 2225 varan
586 2172 636 2242 56,
651 2186 678 2226 at
694 2176 739 2240 IV,
752 2189 780 2240 r,
798 2173 823 2226 6.
869 2171 978 2244 quidem
992 2173 1061 2226 oiroa
1073 2172 1134 2225 looa
1148 2169 1261 2244 lymphis
1272 2187 1374 2224 sonan·

325 2252 412 2305 Putris
426 2251 459 2305 ds
475 2265 622 2319 vetustata,
635 2266 665 2306 ut
679 2255 718 2322 ll,
734 2252 783 2321 25,
798 2271 823 2324 7.
869 2254 914 2304 tia.
926 2281 962 2292 -
974 2254 1043 2316 Caua
1054 2270 1146 2304 manus
1158 2251 1374 2326 aooeptofltmi-

359 2331 402 2386 32.
418 2332 491 2386 Jacit
503 2333 586 2385 verba.
603 2331 670 2386 Vide
683 2335 721 2400 ll,
735 2349 765 2400 1,
781 2351 823 2404 77.
870 2351 918 2395 na,-
933 2327 1002 2404 aqua
1018 2344 1159 2404 suscepta,
1173 2344 1372 2403 quantumm-

326 2411 409 2466 Varda
430 2412 533 2466 minora
552 2411 616 2477 deo,
635 2409 753 2482 prodeo
774 2415 825 2464 mi·
867 2428 918 2464 nus
927 2413 1024 2482 capiat.

324 2489 825 2563 nora3praoas.-Miaoradao(qaam
905 2491 948 2560 37.
972 2489 1054 2564 Terqa
1076 2491 1125 2562 qui
1144 2488 1245 2544 aarum
1266 2489 1373 2552 otham

323 2567 406 2640 dana)
422 2569 514 2631 uerba,-
530 2567 557 2620 id
575 2581 630 2635 ast,
646 2567 824 2641 quamvarha
868 2567 976 2635 calam,
997 2567 1108 2622 Atlantis
1127 2587 1203 2622 onnaa
1221 2568 1262 2622 Sic
1284 2569 1374 2621 oriam

324 2643 376 2697 dai.
388 2645 456 2697 Vide
469 2646 518 2712 lll,
532 2663 581 2708 aa,
593 2645 638 2698 36.
868 2667 918 2720 pro
927 2648 1060 2701 caelointt.
1068 2647 1179 2719 adVirg.
1191 2649 1251 2700 AEo.
1259 2647 1324 2715 lll‚5
1332 2664 1372 2699 ta.

359 2723 402 2776 33.
423 2723 485 2794 Qua
503 2722 601 2776 luditis.
623 2723 692 2774 Nam
710 2721 823 2778 ridentes
868 2723 988 2778 -Tarra
1001 2737 1111 2798 recepta,
1119 2739 1282 2797 recuperata,
1292 2743 1374 2798 quam

324 2800 444 2855 andierat
457 2820 496 2856 ts.
509 2803 551 2856 23.
567 2833 603 2844 -
619 2801 730 2876 Diffessis
747 2803 823 2864 visin
867 2803 1016 2857 latronibus
1027 2818 1053 2857 at
1072 2807 1141 2860 natis
1149 2804 1216 2877 feris
1236 2803 1291 2874 (vs.
1301 2803 1374 2874 4ο),

324 2881 370 2947 iis,
383 2883 429 2953 qui
438 2881 501 2933 lassi
512 2894 582 2934 suot.
869 2882 990 2949 haereat,
1004 2885 1145 2950 monstris,
1160 2885 1262 2956 quoties
1280 2901 1373 2936 nasce·

359 2958 403 3011 35.
420 2959 545 3031 Ciroaaua
562 2961 683 3014 sonantia
699 2958 824 3031 lymphis.
868 2961 1373 3036 rantur(surgerant),purgavaratllan

323 3039 488 3092 Burmannus
506 3053 610 3110 tentat,
629 3041 727 3094 circum
748 3055 825 3095 antra
870 3041 951 3096 cules.
965 3071 1001 3082 ·-
1014 3039 1078 3095 Tela
1091 3059 1235 3114 numquam
1249 3040 1323 3092 irrita
1336 3041 1373 3092 ad

323 3118 443 3172 sonantia
458 3117 574 3194 lymphis
580 3142 589 3183 ,·
609 3135 698 3188 raota,
716 3120 762 3174 aad
775 3139 824 3194 pa·
862 3121 945 3193 feras.
957 3119 1025 3173 Vida
1035 3122 1072 3185 ll,
1089 3135 1137 3188 ro,
1147 3119 1172 3172 3.
1184 3119 1315 3190 -Atque
1323 3119 1373 3170 ιιιιί

324 3216 380 3250 rum
389 3198 529 3252 verisimile
541 3213 588 3252 est.
602 3199 721 3268 Quid,si
741 3201 824 3270 parti·
869 3199 971 3254 homini
983 3197 1065 3270 (mihi
1081 3200 1128 3251 uni
1145 3199 1214 3250 intar
1230 3195 1373 3267 hominos)

324 3279 427 3350 cipinm
445 3277 498 3332 hoo
518 3281 658 3346 sonantia,
682 3292 825 3352 utcumque
870 3279 962 3331 tustra
979 3276 1171 3350 (apparuisse)
1188 3275 1291 3350 Styqiaa
1304 3287 1373 3328 tarsa

324 3361 419 3411 mirum
436 3377 486 3430 pro
503 3359 566 3413 locis
578 3361 742 3425 sonantibus,
759 3378 825 3412 oon·
869 3361 933 3412 lm.
946 3386 982 3399 -
997 3359 1122 3429 Sequittir
1134 3359 1162 3410 Ιιιι
1177 3359 1281 3428 seriptis
1297 3355 1372 3410 libris

324 3439 402 3494 simili
419 3439 540 3514 exemplo
557 3439 739 3494 firmabimus?
757 3439 825 3492 Vida
868 3455 958 3491 vassus
969 3438 1071 3510 positus
1081 3435 1125 3490 hio
1137 3455 1216 3490 sensu
1226 3435 1312 3504 nullo,
1323 3440 1373 3510 qui

323 3539 405 3592 porro
431 3519 498 3574 illud
520 3519 611 3573 Nostri
638 3521 687 3584 lV,
713 3517 746 3586 ⁵,
775 3535 824 3572 ιιι
869 3531 956 3571 sextus
973 3518 1151 3589 saxagaaitnus
1171 3517 1295 3570 carminis
1312 3529 1371 3570 sat:

325 3597 454 3671 «Quippe
475 3611 516 3664 at,
541 3596 656 3652 Collinam
675 3598 708 3651 ad
726 3599 825 3651 fossam
872 3598 998 3669 tdooipit
1010 3595 1066 3650 luae
1083 3597 1155 3650 fesso
1170 3597 1213 3649 vix
1225 3594 1289 3648 inihi
1301 3608 1372 3648 tarra

324 3680 436 3731 moverit
452 3677 566 3743 herhas,
585 3677 688 3734 Stantia
708 3681 824 3731 ouri-auti
868 3689 978 3750 patet.»

323 3755 572 3829 dilnannturaqna.
583 3780 595 3805 a
607 3758 637 3810 ln
648 3757 826 3830 qnihuaStast·
904 3757 948 3826 43.
962 3755 1039 3826 Quid,
1047 3754 1116 3808 si...?
1129 3755 1209 3810 Recta
1219 3753 1254 3807 ab
1263 3754 1371 3807 llaina'o

324 3837 361 3887 tia
375 3835 446 3888 nude
457 3836 575 3908 positum
586 3854 641 3890 non
657 3839 740 3910 magis
756 3838 825 3890 lara-
868 3836 1013 3906 repositum
1027 3851 1058 3887 ax
1069 3831 1210 3887 Godioibus
1228 3831 1371 3886 nonnullis.

324 3911 390 3965 bant
400 3915 493 3967 oritioi.
509 3914 635 3968 hlaroulas
652 3916 733 3985 igitur
747 3933 825 3986 agan-
869 3916 898 3966 ln
912 3913 1013 3986 vulgari
1026 3917 1156 3987 scriptura
1171 3911 1258 3968 laxum
1270 3911 1371 3967 nodam

325 4003 376 4042 tam
397 4010 426 4044 sa
443 4009 519 4063 aqua
535 4011 623 4046 errare
643 3994 779 4066 quaritur,
799 4007 825 4046 at
870 3995 996 4048 orationis
1012 3993 1072 4049 vida
1087 4015 1093 4044 ι
1111 4017 1122 4042 ι
1136 3993 1213 4063 Quod
1232 3995 1253 4046 si
1272 3993 1372 4046 lunoni
