3128 4760
597 532 843 631 ELEGIA
872 532 1086 629 XXXII.

669 755 731 821 AD
754 756 1023 823 CYNTHIAM.

732 1150 958 1190 ARGUUEMUH·

363 1256 524 1321 Invehitur
536 1259 571 1318 in
587 1254 774 1338 Cynthium:
789 1257 911 1340 Ecquid
929 1269 959 1318 te
974 1269 1135 1342 tam-stepo
1144 1255 1249 1338 juvat,
1266 1258 1370 1320 relicta

323 1359 439 1432 Roma,
458 1355 572 1416 versari
592 1375 646 1436 per
663 1353 765 1414 viam?
783 1353 910 1414 consilio
929 1374 992 1434 quo
1010 1375 1095 1415 nunc
1110 1357 1261 1416 Praenestc
1277 1354 1369 1430 ferri,

322 1475 408 1516 nunc
422 1453 505 1514 adire
517 1452 630 1525 Tibur,
644 1463 698 1511 aut
711 1451 844 1512 Ariciam
853 1449 969 1512 visere?
985 1449 1061 1532 quid
1077 1451 1116 1510 de
1128 1465 1158 1511 te
1171 1450 1229 1514 hoc
1243 1465 1302 1529 est,
1315 1474 1369 1534 pu-

323 1551 439 1612 blicum
460 1549 671 1610 multitudinis
686 1561 885 1630 conspectum
901 1547 1060 1630 quaerere?
1075 1551 1229 1629 Agnosco,
1245 1550 1369 1632 inquit,

322 1668 455 1730 agnosco
476 1645 634 1707 fallaciam
653 1660 765 1706 tuam:
786 1658 821 1706 ut
841 1646 948 1707 alienis
964 1647 1122 1706 amoribus
1139 1666 1245 1722 vaces,
1266 1645 1370 1707 oculos

322 1765 423 1820 meos,
443 1744 576 1826 perfida,
597 1756 697 1804 tentas
718 1741 862 1824 effugere.
882 1745 992 1826 Aperte
1012 1765 1067 1826 per
1084 1743 1194 1804 urbem
1213 1755 1243 1803 te
1261 1763 1370 1804 rumor

322 1842 442 1902 incusat
452 1865 460 1900 ι
470 1841 566 1916 disce,
580 1863 599 1902 ο
611 1839 762 1923 Cynthia,
775 1835 883 1903 timere
896 1843 970 1916 tibi;
984 1841 1066 1902 disce
1076 1861 1185 1902 curam
1196 1840 1288 1902 famae
1302 1861 1369 1902 non

321 1959 447 2022 prorsus
461 1941 589 1999 mittere.
609 1938 665 2000 Sed
682 1958 752 1998 mox
766 1939 820 1999 irae
833 1960 939 2000 sensus
954 1940 1110 2020 corrigens
1129 1951 1221 2022 poeta
1234 1938 1370 1999 :Morari

231 2049 239 2064 “
321 2058 446 2120 possum
459 2059 516 2120 ego
531 2036 673 2098 credulus
689 2036 770 2096 dicta
778 2037 864 2119 vulgi
881 2036 980 2098 levia?
997 2058 1037 2097 sn
1049 2058 1114 2098 non
1132 2037 1287 2097 decretam
1302 2057 1368 2098 sor·

322 2145 395 2210 tem,
408 2157 504 2218 quam
524 2133 669 2196 formosae
682 2133 828 2210 subeant,
843 2135 994 2196 invidiam
1012 2133 1096 2196 esse?
1111 2136 1228 2211 lmmo,
1245 2133 1328 2215 quod
1343 2136 1368 2194 si

322 2251 391 2292 vere
401 2230 439 2292 de
451 2230 543 2314 culpo
554 2230 686 2292 admissa
695 2229 849 2294 nonnulla
862 2244 997 2308 constet,
1012 2233 1144 2292 nesciam
1157 2244 1287 2311 egotam
1301 2249 1369 2310 par·

322 2347 394 2387 vam
418 2327 565 2408 iujuriam
586 2325 684 2388 ferrei
708 2325 849 2388 Absolvit
865 2341 912 2403 te,
932 2327 1087 2410 inquit,o
1108 2347 1175 2387 meo
1195 2325 1266 2400 lux,
1283 2336 1367 2384 vetus

322 2443 424 2486 aevum
447 2425 590 2508 exemplis
610 2427 685 2499 suis;
711 2422 879 2484 absolvunt
896 2437 926 2483 te
944 2423 1040 2484 nostri
1059 2421 1117 2483 hac
1138 2437 1226 2484 aetatc
1248 2439 1366 2493 mores3

318 2515 386 2599 jam
402 2522 472 2581 vive
483 2520 595 2595 libera,
610 2532 640 2578 ct
652 2539 744 2602 pecca
755 2521 825 2600 (per
835 2539 885 2580 me
899 2519 982 2598 licet)
994 2519 1081 2604 quod
1092 2519 1185 2580 voles.

792 2723 904 2743 ι,-

371 2819 456 2956 Qut
468 2858 576 2942 videt,
588 2861 616 2927 is
629 2874 764 2953 peccat:
780 2863 838 2955 qui
849 2877 883 2930 te
896 2883 965 2930 non
975 2860 1097 2932 viderit
1108 2887 1187 2957 ergo

414 2972 490 3038 Non
501 2971 633 3062 cupiet3
647 2968 726 3037 facti
737 2971 879 3038 crimina
891 2969 1007 3042 lumen
1018 2973 1129 3042 habet.

360 3178 382 3214 ι.
396 3163 423 3216 Is
433 3174 539 3236 peccat,
550 3164 596 3238 qui
607 3164 693 3226 videt3
706 3165 728 3217 is
739 3176 823 3232 amat,
867 3177 940 3218 tereo
953 3177 1147 3230 commentum,
1157 3181 1171 3215 a
1182 3181 1235 3235 quo
1246 3173 1366 3233 trunspo-

320 3242 342 3292 is
355 3257 444 3306 amore
455 3253 559 3314 peceat,
567 3243 615 3313 qui
625 3241 711 3306 videt3
723 3243 751 3294 in
763 3261 824 3294 ocu·
867 3245 917 3295 sita
926 3245 1016 3296 omnia
1025 3243 1053 3293 in
1062 3241 1223 3293 carminibus
1230 3239 1313 3292 tribus
1325 3236 1366 3291 his

320 3318 353 3371 tia
373 3321 473 3372 crimen
494 3321 589 3372 amoris
610 3332 669 3389 est,
690 3334 719 3372 ut
738 3317 822 3372 altero
871 3339 928 3376 osse
950 3323 1100 3372 monuimus
1120 3317 1152 3372 ad
1178 3317 1242 3391 cleg.
1264 3316 1309 3370 3ο.
1330 3347 1367 3358 -

321 3417 400 3453 versu
417 3399 481 3452 dicit
498 3413 588 3472 pocta.
605 3401 717 3454 Peccare
733 3412 823 3452 nutem
866 3399 940 3457 Facti
960 3398 1070 3450 crimina
1099 3395 1184 3451 tumen
1215 3397 1297 3450 habet.
1329 3395 1367 3449 Ex

320 3477 358 3529 ita
370 3475 492 3530 Tibullus
510 3490 639 3550 usurpat,
659 3479 710 3544 w,
730 3494 762 3547 7,
785 3495 820 3548 9;
866 3495 939 3529 mera
960 3475 1091 3529 scribendi
1113 3477 1251 3528 oscitantia
1274 3489 1366 3528 natum
1450 3514 1453 3520 Δ

321 3576 409 3610 amors
418 3577 525 3630 peccare
539 3559 681 3623 Horatius,
697 3555 784 3608 Carm.
795 3557 821 3624 1,
864 3553 931 3622 hoc,
943 3567 972 3608 nt
984 3569 1054 3606 recte
1068 3565 1187 3607 statuunt
1196 3555 1288 3606 critici.
1301 3553 1366 3606 Cor·

322 3653 433 3768 us·
453 3635 774 3766 tristentur
787 3631 820 3762 t:
865 3631 1366 3767 :suttutttszus?

320 3730 365 3845 tiri
378 3715 573 3861 Μὸἓαιξιιιιιει,
589 3792 635 3865 qui
653 3803 686 3844 te.
703 3752 822 3845 duribus
860 3792 931 3868 facti
944 3792 1045 3846 lumina
1060 3733 1159 3846 crimen
1175 3793 1279 3847 habeut.
1291 3733 1366 3847 dvc:

321 3875 406 3925 minus
426 3872 526 3943 placet,
544 3871 617 3944 quod
635 3891 667 3925 ex
685 3871 758 3926 editt.
778 3889 822 3924 re·
865 3891 920 3924 ram
935 3871 1074 3924 lectionem
1084 3871 1207 3943 scaligeri
1218 3873 1309 3927 Codex
1320 3873 1364 3925 in·

320 3952 397 4003 tustis
410 3950 532 4004 Bar-thius
544 3965 571 4004 ot
586 3951 701 4004 Kuinoci
711 3948 821 4018 dedere,
865 3951 950 4016 dicat,
968 3953 995 4002 in
1019 3968 1088 4022 quo,
1107 3952 1130 4004 si
1151 3953 1258 4005 Heinsio
1281 3950 1363 4004 fides:

214 4035 215 4040 ’
321 4028 436 4098 quinon
455 4039 479 4081 te
497 4029 595 4084 viderit.
612 4029 738 4100 Scaligeri
754 4047 821 4100 prae·
859 4029 929 4101 facti
943 4029 1046 4082 lumina
1056 4031 1154 4083 crimen
1163 4030 1246 4084 habet.
