3128 4766
292 377 326 440 ,8
625 372 885 438 PROPERTll
908 375 1018 439 vtTa

304 499 480 581 gnoscimus
496 498 529 560 iu
545 497 674 558 Umbria
685 499 776 558 sitam
790 496 881 558 fuisse
892 498 1025 580 patriam
1038 495 1102 578 ejus
1116 516 1221 572 oram,
1233 509 1264 556 et
1276 497 1346 579 qui-

304 597 375 656 dem
386 595 441 657 ubi
453 593 591 657 nebulosa
604 615 676 655 cauo
694 608 772 655 mrut
783 596 923 654 Meuania
939 613 1056 675 earupo.
1079 595 1153 654 Haec
1174 592 1259 652 enim
1275 607 1346 653 suut

304 693 399 754 rerba
416 691 570 772 Astrologi
589 691 626 750 ed
646 692 860 771 Propertium:

492 832 586 878 Umbrio
595 842 618 879 te
629 833 690 878 uotis
700 833 795 894 entique
805 831 927 878 Penatibus
938 831 993 878 edit.

520 903 636 952 Mentior?
645 919 675 950 nn
683 905 764 967 patrie
774 905 875 964 nuptm
883 919 925 950 ore
935 905 995 950 tue?

490 976 541 1036 Quo
552 974 664 1022 nebulosa
673 989 731 1020 earo
742 987 805 1022 rorat
813 975 920 1020 dimersis
932 989 1028 1038 campo,

518 1047 547 1092 Et
558 1043 622 1092 locus
632 1044 714 1090 estivis
723 1044 810 1105 intepet
823 1041 909 1089 Umber
916 1044 995 1106 aquis,

490 1114 667 1178 &mecumque
675 1115 734 1159 amri
744 1113 861 1174 consurgit
869 1114 955 1160 vertice
964 1127 1058 1166 murus,

524 1186 604 1232 Murus
614 1185 644 1232 nb
652 1185 747 1246 iugenio
754 1184 831 1230 notior
840 1181 880 1230 ille
890 1193 939 1230 tuo.

305 1302 379 1361 Hrec
389 1299 494 1361 omnia
507 1298 531 1358 si
542 1311 621 1359 recte
632 1297 822 1381 pensitamus
832 1296 918 1370 loca,
930 1298 1033 1380 patria
1047 1297 1199 1380 Propertii
1212 1296 1348 1356 nouerit

304 1399 446 1459 Mevania
458 1397 534 1478 ipsa,
545 1415 615 1477 quae
625 1409 669 1454 est
679 1393 900 1477 plurimorum,
912 1407 942 1454 et
952 1396 985 1454 iu
996 1391 1044 1454 lris
1054 1393 1348 1476 quoquoliroulthu·

304 1495 339 1556 sii
352 1495 476 1576 opinio,
486 1493 538 1555 sed
549 1494 654 1576 potius
663 1494 737 1554 urbs
748 1493 782 1553 iu
791 1493 905 1552 vicinio
913 1493 1062 1553 Merouioe
1071 1494 1129 1552 sita
1139 1492 1242 1574 (quod
1254 1511 1349 1573 agno·

304 1595 348 1652 vit
371 1591 463 1651 etiam
484 1588 557 1650 Chr.
580 1591 675 1651 llenr.
696 1587 868 1651 Schmidius
887 1589 926 1650 ad
948 1589 1049 1651 Crusii
1069 1590 1133 1660 vit.
1153 1601 1235 1671 poet.
1258 1590 1347 1650 Rom.

304 1701 382 1748 tom.
396 1687 428 1762 l,
442 1707 512 1770 pag.
530 1707 601 1761 roo,
616 1707 648 1748 n.
661 1689 713 1768 o),
733 1705 795 1767 qua
809 1699 898 1770 parte
912 1686 995 1747 lucus
1009 1685 1124 1746 Umber
1138 1685 1250 1748 aestivis
1263 1687 1349 1768 aquis

305 1783 430 1867 intepet.
443 1783 580 1858 Accedit,
599 1782 684 1865 quod
698 1782 843 1843 Mevania
855 1781 929 1842 urbs
946 1784 979 1842 in
993 1782 1122 1865 planitie
1133 1782 1192 1842 site
1208 1795 1268 1858 est,
1283 1801 1349 1841 non

305 1899 397 1954 vero,
422 1893 458 1940 ut
482 1879 636 1961 Propertii
657 1879 779 1961 patria,
799 1879 832 1938 in
854 1877 942 1939 colle.
965 1879 1072 1960 Neque
1091 1899 1163 1940 vero
1186 1877 1252 1960 ipsa
1276 1875 1350 1938 urbs

306 1995 408 2035 rorare
428 1974 562 2049 dicitur,
581 1972 634 2034 sed
657 1976 797 2034 Meuania
820 1973 957 2034 nebulosa
978 1993 1048 2034 cauo
1066 1993 1187 2055 compo,
1215 1987 1250 2034 ut
1272 1971 1348 2033 adeo

306 2074 449 2135 Mevania
463 2071 493 2132 b.
508 2071 529 2132 l.
548 2083 650 2132 totum
671 2093 780 2153 agrum
796 2071 962 2152 significet,
976 2091 1043 2133 non
1057 2071 1178 2134 urbem.

345 2169 402 2232 Sed
411 2190 516 2252 neque
526 2169 662 2244 Ameria,
677 2189 747 2252 quet
758 2169 900 2250 scaligeri
916 2169 1065 2230 sententia
1076 2181 1136 2246 est,
1152 2167 1350 2248 intelligenda

306 2281 359 2330 est.
374 2268 514 2350 Namque
529 2265 583 2327 illa
601 2266 675 2327 urbs
686 2279 769 2326 extra
784 2266 896 2327 vellem
913 2265 1099 2349 Spoletinum
1111 2267 1167 2327 sita
1187 2281 1232 2328 est
1251 2287 1350 2348 neque

306 2365 458 2426 Mevanioe
469 2366 628 2447 proximu,
640 2364 691 2424 sed
705 2365 743 2424 3ο
755 2382 852 2446 prope
861 2384 1009 2445 passuum
1021 2362 1158 2424 millibus
1169 2363 1209 2425 ab
1220 2385 1274 2440 ea,
1286 2364 1351 2425 lon-

307 2465 439 2544 giusque
450 2483 469 2523 a
479 2463 612 2524 Perusiae
625 2460 740 2520 finibus
752 2459 849 2521 abest.

347 2559 464 2626 Eadem
477 2560 555 2618 ratio
569 2556 703 2618 excludit
723 2576 849 2639 quoque
863 2559 1024 2632 Acrisium,
1039 2579 1059 2639 9
1076 2561 1195 2621 circiter
1212 2560 1351 2621 millibus

271 2715 274 2722 Δ
307 2675 453 2737 passuum
468 2677 487 2714 a
498 2654 641 2716 Mevania
653 2665 826 2729 remotum;
844 2653 1111 2716 licetlllaittairius
1127 2657 1161 2716 iu
1178 2655 1251 2718 edit.
1267 2660 1352 2718 Lon-

307 2753 372 2813 diu.
386 2763 456 2834 post
466 2749 644 2811 Mevaniam
654 2745 715 2810 boc
727 2750 880 2832 oppidum
893 2752 1050 2812 nominet:
1063 2752 1194 2830 accedit,
1205 2751 1289 2836 quod
1300 2750 1352 2813 bic

306 2868 432 2930 quoque
444 2845 559 2906 frustm
569 2845 653 2906 lacus
667 2845 783 2907 Umber
795 2859 960 2928 queratur.

346 2944 544 3029 Relinquitur
563 2957 597 3005 ut
619 2963 789 3006 arscennene
810 2945 1008 3006 adsumamus
1026 2947 1179 3030 Propertii
1200 2949 1351 3032 patrium,

307 3044 396 3125 eique
409 3043 508 3103 civem
519 3037 603 3101 hunc
616 3039 810 3116 addicamus,
826 3042 897 3122 qui,
911 3039 982 3102 licet
995 3045 1099 3105 minor
1112 3045 1151 3103 sit
1164 3064 1278 3126 magno
1291 3045 1352 3103 llo·

308 3160 395 3200 mero
408 3153 462 3199 aut
473 3139 620 3213 Marone,
635 3137 716 3198 inter
731 3136 881 3220 elegiacos
892 3152 996 3199 tumen
1006 3155 1112 3221 poetas
1124 3160 1191 3199 uon
1204 3140 1350 3200 ultimum

305 3235 411 3298 locum
420 3235 554 3312 obtinet,
567 3236 699 3316 satisque
709 3235 827 3298 decoris
836 3232 930 3296 babet
942 3236 979 3296 ad
995 3238 1126 3318 patriam
1138 3257 1224 3296 suam
1237 3257 1351 3297 ornan·

306 3333 388 3394 dam.
410 3332 582 3416 Hispellum
602 3353 732 3416 nempe,
753 3355 825 3394 cum
838 3355 914 3416 agro
930 3355 1005 3409 suo,
1022 3335 1056 3394 in
1076 3331 1156 3394 valle
1176 3333 1350 3418 Spoletina,

307 3432 395 3493 unice
410 3431 504 3492 situm
517 3429 609 3492 illum
622 3429 840 3514 habet,=quem
858 3432 1036 3515 Propertius
1055 3431 1087 3492 ll.
1105 3451 1149 3492 cc.
1169 3431 1349 3513 designavit.

308 3529 447 3610 Namque
463 3527 528 3610 ejus
542 3551 658 3604 murus,
672 3530 760 3590 sicuti
775 3528 922 3590 Donnola
939 3527 1105 3590 exoculari
1125 3528 1228 3590 docuit
1246 3531 1349 3612 iuspe-

306 3627 425 3702 ctione,
437 3625 556 3688 acclivis
569 3638 631 3703 est,
655 3639 686 3687 et
699 3647 735 3687 ex
752 3627 818 3687 imo
833 3627 872 3688 ad
885 3627 1026 3688 verticem
1042 3630 1194 3708 consurgit.
1212 3626 1349 3688 Verbum

305 3722 388 3782 enim
400 3723 553 3798 scandere,
569 3745 633 3806 quo
655 3725 836 3808 Propertius
857 3723 970 3799 utitur,
985 3737 1045 3798 est,
1067 3723 1236 3806 pedetentim
1255 3735 1283 3784 et
1299 3746 1351 3804 per

304 3819 427 3882 diuersos
436 3821 543 3904 prodeo
552 3843 610 3884 sese
619 3821 769 3898 adtollere,
783 3821 870 3905 quod
881 3819 917 3880 fit
927 3821 961 3880 in
972 3819 1051 3882 urbe
1063 3819 1102 3882 ad
1114 3821 1230 3882 clivum
1242 3841 1347 3902 quem·

304 3915 375 3976 dam
395 3915 542 3980 reclinato
562 3919 622 3979 situ
638 3919 747 4001 posite.
768 3919 849 3976 Tum
872 3915 952 3976 lacus
971 3917 1035 3997 ipse
1058 3914 1164 3976 Umber
1180 3931 1282 3998 aperte
1303 3931 1348 3976 est
