3128 4766
310 357 352 420 28
628 355 890 420 PROPERTll
917 357 1027 418 vt'rt

305 499 387 560 pore,
402 479 422 537 i.
435 499 461 537 e.
476 491 667 559 opportune:
681 498 738 538 nos
753 478 819 537 sine
834 479 1052 560 praepositione
1063 477 1197 540 dicimus
1215 493 1352 562 tempore,

306 588 448 656 tempori.
456 598 470 628 u
484 589 491 617 ¹

626 693 657 742 Δ.
674 691 705 741 U.
719 689 748 743 C.
765 691 831 760 739;
848 691 977 763 Propertii
990 691 1034 743 38.

561 771 597 822 M.
609 770 711 822 Drusus
722 769 787 824 Libo
798 791 805 832 ς
817 771 846 822 L.
859 769 1020 842 Calpurnius
1032 771 1100 824 Piso.

347 911 491 994 Cyziceni
511 910 686 972 libertatem
709 912 748 972 ab
768 914 906 993 Augusto
923 914 957 972 Δ.
977 914 1014 972 U.
1030 910 1089 993 734
1106 911 1259 972 ademtam
1274 933 1357 971 recu·

307 1019 427 1090 perant.
451 1008 600 1068 Sicambri
628 1010 801 1090 Augustum
826 1010 1006 1091 compositis
1032 1020 1218 1070 venerantur
1240 1009 1355 1084 armis,

306 1107 396 1166 sicuti
410 1107 558 1167 Horatius
567 1108 650 1166 canit
661 1107 764 1167 Carni.
775 1108 827 1184 IV,
849 1105 898 1183 rt,
912 1107 1030 1167 51-52
1040 1151 1050 1180 ‚
1060 1106 1137 1166 dum
1151 1106 1277 1184 scilicet,
1294 1109 1356 1166 Au·

307 1215 398 1284 gusto
418 1216 489 1286 post
511 1203 629 1263 cladem
658 1203 833 1263 Lollianam
861 1205 946 1285 (quae
973 1205 1144 1264 secundnm
1166 1204 1298 1263 Dionem
1322 1204 1356 1262 in

307 1321 427 1362 annum
457 1300 678 1384 praecedentem
710 1303 767 1384 738
795 1302 925 1380 incidit)
949 1303 1090 1363 Varianae
1115 1303 1356 1385 comparandam

306 1399 395 1478 (ride
408 1403 531 1462 Sueton.
548 1401 655 1460 Octav.
681 1399 737 1479 23)
759 1403 926 1460 exercitum
949 1413 1058 1462 contra
1084 1399 1153 1462 illos
1170 1401 1357 1476 adducente,

308 1500 342 1556 in
356 1517 425 1558 snas
449 1499 572 1578 regressi
596 1513 710 1573 terras,
727 1498 885 1559 obsidibus
913 1498 1008 1573 datis,
1033 1519 1138 1580 pacem
1164 1511 1355 1580 acceperunt.

308 1595 388 1656 Vide
411 1615 481 1678 quar
501 1598 535 1656 in
561 1595 643 1656 banc
665 1617 730 1656 rem
754 1596 923 1678 disputavit
936 1597 1114 1670 massonus,
1134 1609 1201 1656 tam
1232 1597 1265 1655 iu
1286 1596 1355 1655 Vita

307 1691 399 1751 Orid.
418 1691 458 1751 ad
470 1689 501 1751 h.
517 1713 545 1750 a.
561 1713 657 1773 quam
670 1693 704 1752 in
716 1693 788 1753 Vita
805 1694 915 1754 Horat.
934 1713 1003 1774 pag.
1019 1693 1077 1772 3¹9
1092 1707 1123 1752 et
1136 1690 1193 1767 343
1208 1712 1273 1773 sqq.
1289 1693 1356 1751 Hn·

301 1783 353 1866 jus
368 1785 462 1869 ipsius
482 1789 525 1846 rei
538 1787 680 1846 meminit
693 1807 816 1869 qnoque
832 1791 1011 1870 Propertius
1031 1788 1144 1848 celebri
1158 1787 1214 1847 illo
1227 1807 1322 1847 carm.
1336 1790 1357 1848 6

308 1883 379 1944 libri
396 1883 449 1960 IV,
469 1885 553 1966 quod
565 1884 643 1946 adeo
663 1887 863 1946 novissimam
881 1887 1017 1948 continet
1031 1888 1179 1970 temporis
1197 1897 1305 1946 notam
1324 1887 1356 1946 in

307 1979 371 2062 ejus
399 1983 609 2060 carminibus,
629 1997 663 2044 ut
683 1985 844 2065 probabile
867 1987 907 2046 sit
928 1983 988 2045 hoc
1009 2005 1134 2045 carmen
1147 1983 1196 2044 vel
1215 1981 1273 2043 hoc
1292 1984 1357 2065 ipso

308 2097 410 2155 anno,
425 2079 474 2139 vel
490 2078 547 2141 sub
562 2080 655 2140 finem
674 2079 874 2163 precedentis
887 2081 979 2160 anni,
996 2101 1100 2142 mense
1118 2079 1270 2163 Septemb.
1285 2080 1357 2139 scri-

307 2189 398 2259 ptum
423 2199 504 2254 esse,
528 2199 591 2260 quo
610 2193 750 2261 tempore
768 2179 918 2240 nimirum
938 2178 1006 2240 ludi
1024 2179 1288 2262 quinquennales,
1317 2178 1357 2237 ab

308 2273 446 2355 Augusto
466 2275 501 2336 in
522 2277 702 2337 memoriam
730 2278 859 2337 neriacae
884 2278 1018 2337 victoriae
1041 2275 1192 2352 instituti,
1214 2273 1357 2335 celebrati

308 2369 394 2432 fuere
407 2373 576 2434 secundum
590 2374 683 2434 Dion.
701 2375 780 2434 LIV.
793 2375 872 2436 Nam
892 2373 993 2456 potuit
1004 2372 1179 2455 Propertius
1195 2383 1357 2453 tamqnam

308 2480 391 2528 vates
406 2469 498 2530 mam
516 2469 600 2530 dere
613 2482 694 2530 certo
706 2481 825 2550 sperata
837 2481 867 2529 et
876 2470 1013 2550 proxime
1025 2467 1131 2528 futura
1142 2487 1270 2527 caneres

495 2627 536 2675 llls
544 2629 671 2692 paludosos
680 2643 795 2677 mcmoret
803 2633 891 2677 servire
900 2629 1043 2686 Sicrmbros,

309 2787 396 2827 versu
422 2789 471 2852 77.
489 2769 528 2828 Et
546 2769 668 2829 videtur
690 2791 762 2830 sane
785 2767 841 2831 hoc
860 2789 983 2831 carmen
999 2769 1032 2830 in
1056 2769 1109 2830 illa
1127 2767 1300 2829 celebritate
1324 2768 1356 2825 in

309 2862 463 2925 bonorem
473 2866 600 2947 Augusti
612 2866 759 2948 scriptum
772 2887 835 2926 esse
847 2866 887 2926 ab
899 2866 1024 2927 Aurelio
1039 2879 1161 2939 nostr03
1173 2877 1209 2926 ut
1222 2863 1296 2924 adeo
1310 2862 1357 2922 vel

309 2959 368 3021 boc
383 2972 501 3022 sextum
513 2961 562 3023 vel
576 2962 777 3023 undecimum
788 2963 863 3022 libri
880 2965 983 3045 quarti
998 2985 1058 3044 pro
1075 2963 1257 3034 novissimo,
1274 2957 1357 3040 quod

310 3077 346 3118 ex
370 3051 496 3140 ingenio
520 3061 676 3143 Propertii
701 3061 839 3138 fluxerit,
865 3060 1042 3122 babendum
1067 3063 1113 3120 sit.
1138 3061 1217 3119 Nam
1240 3057 1356 3138 reliqua

238 3206 245 3220 ,
310 3155 429 3230 omnia,
442 3175 510 3236 quas
523 3154 574 3244 ille
588 3157 725 3217 continet
740 3156 834 3232 liber,
849 3155 1040 3216 hauddubie
1057 3155 1095 3214 ab
1107 3155 1207 3214 amico
1220 3151 1357 3233 quodam

310 3261 406 3330 poete
422 3261 634 3330 postmortem
652 3248 736 3311 illius
756 3251 870 3326 editus,
888 3261 1017 3332 possunt
1039 3249 1138 3308 multo
1155 3261 1227 3306 ante
1245 3247 1357 3327 scripta

271 3355 273 3364 '
310 3365 391 3422 esse,
410 3345 552 3427 inprimis
569 3349 694 3406 tertium
713 3347 768 3426 (cf.
790 3367 881 3430 supra
897 3345 937 3405 ad
955 3347 989 3404 A.
1012 3347 1049 3404 U.
1063 3345 1153 3427 731),
1170 3363 1268 3425 quum
1286 3343 1359 3402 Ovi·

309 3443 379 3504 dius
391 3465 517 3527 quoque
528 3444 671 3527 epistolas
684 3445 831 3505 Heroidd.
845 3443 884 3504 ad
896 3443 956 3503 hoc
968 3443 1143 3525 exemplum
1157 3443 1357 3523 compositas,

317 3542 411 3624 paulo
431 3557 499 3625 post
519 3544 552 3604 id
574 3559 695 3626 tempus
717 3543 855 3604 ediderit.
881 3543 1013 3602 Carmen
1031 3542 1197 3623 septimum
1212 3559 1298 3612 vero,
1323 3539 1356 3598 in

310 3652 442 3700 mortem
454 3638 613 3723 Cynthiae,
630 3642 725 3699 etiam
740 3653 812 3700 ante
827 3640 973 3721 scriptum
993 3638 1033 3698 sit
1055 3649 1192 3721 oportet,
1208 3635 1358 3718 quemad·
1477 3663 1482 3673 ·

311 3737 440 3798 modum
454 3753 596 3800 octavum
611 3740 644 3798 in
656 3736 754 3798 multo
773 3739 860 3820 prius
881 3751 1002 3819 tempus
1018 3736 1142 3810 incidit;
1156 3736 1238 3816 quod
1252 3749 1357 3795 tamen

276 3867 279 3874 Δ
311 3848 420 3918 poeta,
431 3838 502 3899 viva
511 3836 612 3898 adbuc
622 3835 775 3918 Cynthia,
786 3835 875 3897 edere
886 3835 1011 3897 fortasse
1022 3836 1133 3896 noluit.
1145 3835 1249 3913 Quum
1263 3835 1360 3916 igitur

351 4025 373 4060 r.
389 4006 454 4060 Vide
469 4023 525 4062 not.
541 4011 574 4063 ad
589 4012 715 4082 Propertii
729 4008 827 4062 locum.
842 4011 886 4060 Eu.
