3128 4766
294 602 483 692 SEXTI
511 601 777 696 AURELII
806 603 1155 694 PROPERTII

605 843 841 1001 vlit,

198 1114 257 1161 m
275 1113 385 1171 auitos,
406 1112 559 1173 Quartwtt
573 1113 690 1170 uem,
708 1113 865 1161 moseum
882 1107 1091 1172 GONJBOEWA,
1105 1116 1245 1178 nloas'm,

631 1283 818 1340 AUCTORE

425 1475 552 1552 amo.
578 1473 761 1552 sorra.
788 1443 1030 1552 alarino

644 1725 805 1745 01-—

483 1911 515 1962 A.
530 1910 565 1962 U.
574 1907 605 1962 G.
616 1911 692 1964 Van.
706 1925 775 1981 70²³
788 1912 918 1984 Propertii
934 1925 955 1962 ι.

219 1990 363 2062 Pompeios
377 1991 412 2042 ΙΙΙ
427 1989 483 2043 siae
495 1987 611 2064 oollefla,
623 1991 752 2062 supremis
765 2008 850 2044 mons.
863 1989 952 2062 Soipio
962 1989 1084 2044 Metellus
1095 1991 1226 2046 eonsules.

205 2163 247 2256 ln
259 2193 345 2256 bunc
355 2215 474 2256 annum
486 2215 559 2270 nos,
577 2193 730 2277 probabili
745 2192 935 2276 conjecturo,
956 2215 1022 2256 non
1035 2207 1101 2254 tam
1115 2195 1144 2255 J.
1161 2195 1247 2256 Dou-

203 2313 269 2354 sam
277 2303 309 2352 et
321 2291 478 2375 Heynium
490 2293 629 2372 sequuti,
645 2311 741 2374 quam
756 2291 875 2354 ratione
886 2293 953 2374 ipsa
966 2290 1066 2367 ducti,
1085 2291 1133 2355 vel
1146 2292 1247 2373 potius

203 2387 369 2472 oompulsi,
391 2390 542 2472 Propertii
562 2391 661 2451 nostri
684 2389 800 2451 natales
822 2387 1018 2452 oonferimus.
1038 2390 1069 2449 J.
1088 2389 1191 2450 Dousa
1213 2389 1247 2448 in

203 2484 309 2550 Scbed.
331 2485 448 2546 Snooid.
467 2487 502 2546 in
517 2485 693 2562 Tibullum,
709 2486 855 2548 «duobus
872 2485 1041 2546 minimum
1057 2484 1179 2562 lustris,
1199 2485 1248 2545 vel

203 2596 283 2644 osne
302 2581 500 2664 sesquilustro
513 2580 695 2664 juniorem„
719 2583 811 2644 fuisse
830 2581 897 2643 vult
918 2597 1063 2643 nostrum
1088 2579 1246 2642 Aurelium

204 2677 293 2740 Albio
305 2678 446 2758 Tibullo,
463 2677 550 2762 cujus
561 2679 679 2742 natales
690 2681 888 2764 ayrmannus
900 2677 981 2742 ialso
995 2681 1030 2740 in
1042 2679 1078 2740 A.
1093 2677 1169 2761 705,
1183 2679 1248 2760 ipse

203 2798 275 2839 vero
288 2779 323 2837 in
335 2778 371 2839 A.
380 2778 419 2837 U.
428 2777 505 2861 697,
519 2777 680 2840 referebat.
694 2778 781 2840 Idem
794 2780 898 2840 Dousa
911 2779 971 2839 loo.
985 2778 1036 2838 cit.
1050 2777 1246 2858 Propertium

205 2886 273 2957 post
283 2874 446 2935 Horatium
459 2875 511 2956 (A.
523 2875 561 2936 U.
574 2875 648 2957 689,
659 2877 696 2936 1..
710 2873 832 2937 Aurelio
846 2876 934 2937 Cotta
947 2884 978 2934 et
988 2877 1023 2936 L.
1036 2871 1157 2935 Manlio
1169 2873 1246 2934 Tor-

203 2987 299 3056 quato
317 2991 393 3034 ooss.
411 2975 539 3052 natum)
557 2993 643 3035 anno
668 2973 738 3055 plus
761 2975 864 3034 minus
888 2985 1016 3048 octavo,
1039 2990 1182 3045 bonone,
1204 2993 1246 3032 an

203 3070 340 3146 dodino,
359 3082 469 3130 natum
495 3081 647 3130 autumat.
674 3071 817 3152 Heynius
841 3081 960 3145 autem,
985 3069 1049 3128 vit.
1074 3066 1183 3150 Virgil.
1206 3068 1246 3127 ad

205 3169 239 3228 A.
253 3169 291 3227 U.
306 3180 470 3249 7n‚tom.
484 3167 516 3243 1,
534 3187 565 3249 p.
585 3163 656 3249 147,
677 3168 909 3242 «Hocannops
933 3167 1051 3248 inquit,
1072 3185 1126 3226 aa.
1144 3164 1175 3226 d.
1187 3185 1245 3228 ant

205 3262 273 3324 Kal.
284 3262 379 3345 April.
391 3264 403 3343 (
408 3282 450 3324 xx
462 3263 585 3341 Martii)
597 3261 727 3324 Ovidius
738 3275 829 3324 natus
839 3275 901 3336 est3
916 3283 972 3324 nec
981 3260 1082 3323 multo
1093 3275 1165 3325 ante
1175 3261 1247 3322 Pro·
1309 3306 1315 3316 .

205 3358 337 3440 pestium
347 3357 490 3420 Tibullus
504 3371 609 3420 autem
618 3355 686 3438 jam
698 3369 771 3419 ante
784 3358 842 3441 705
856 3369 947 3419 natus
961 3373 1042 3431 erat;
1055 3376 1246 3440 quamquam

205 3453 257 3515 alii
270 3452 335 3536 ejus
352 3455 469 3516 natales
482 3453 522 3516 acl
534 3454 571 3517 A.
584 3454 663 3537 69⁰,
681 3455 834 3537 Propertii
853 3467 957 3516 autem
969 3455 1045 3538 697,
1063 3451 1174 3515 referre
1192 3473 1247 3512 vo-

205 3551 309 3614 lunt.»
329 3553 393 3614 Nos
416 3553 528 3636 igitur,
547 3553 638 3614 rebus
655 3554 712 3615 diu
730 3555 904 3637 pensitatis,
927 3554 1153 3634 momentisque
1174 3551 1247 3610 vito

207 3649 416 3732 Propertianoe
423 3645 517 3710 modo
527 3651 588 3724 sic,
600 3649 695 3712 modo
704 3648 794 3710 aliter
803 3648 967 3726 ordinatis,
978 3648 1105 3710 tandem
1113 3645 1247 3710 mediam

207 3741 288 3805 bano
299 3744 427 3826 ingressi
435 3745 649 3821 mmusviam,
660 3765 723 3828 qua
735 3745 843 3806 omnia
852 3747 923 3806 satis
933 3741 1138 3827 probabiliter
1147 3739 1247 3802 cobse-

209 3861 272 3902 κη
291 3842 384 3902 nobis
402 3841 606 3921 videbantur,
629 3843 750 3925 sibique
771 3843 903 3907 invicem
918 3839 1117 3926 respondere3
1135 3859 1246 3921 quam-

209 3957 301 4018 quam
316 3959 417 4021 oeque
430 3959 558 4022 negare,
572 3959 672 4022 neque
681 3937 801 4002 inficias
810 3941 854 4002 ire
867 3939 1027 4014 volumus,
1041 3957 1160 3999 annum
1171 3935 1245 4017 697,
