3122 4756
301 373 1343 416 Μ

629 545 881 646 ELEGIA
912 547 1006 639 Ill.

595 783 600 794 ·
661 769 722 838 un
745 765 979 833 CYNTHIA.

767 993 877 1004 -—-

712 1164 941 1204 Anouumuu.

340 1291 473 1354 lactavit
490 1308 522 1348 se
544 1287 681 1347 nimium
707 1281 807 1345 fidens
828 1301 935 1344 amore
959 1265 1174 1362 miseo'poeto
1198 1278 1350 1342 liberum:

294 1390 519 1471 redintegratus
543 1381 688 1467 Cynthio
712 1401 836 1457 servus,
858 1400 900 1440 en
923 1380 1042 1440 iterum·
1061 1379 1095 1438 in
1122 1376 1350 1440 conscribendis

295 1490 388 1570 elegis
403 1499 487 1547 totus
503 1495 557 1544 est„
571 1483 748 1560 Utcumque
761 1499 834 1539 vero
849 1477 928 1538 facie
939 1477 1070 1540 domine
1081 1476 1196 1560 pollet,
1208 1478 1272 1557 ejus
1285 1498 1351 1540 ‚esse

295 1585 475 1666 ingenium,
490 1580 556 1660 ejus
571 1591 651 1638 entes
666 1595 748 1652 esse,
767 1593 836 1656 quae
848 1573 991 1635 vicerint.
1003 1573 1087 1632 Num
1102 1585 1148 1648 te,
1162 1594 1182 1634 ο
1195 1595 1266 1636 mea
1281 1573 1352 1652 lux,

294 1681 429 1744 blandus
440 1681 536 1742 Amor
546 1689 723 1744 nascentem
737 1672 856 1756 exoepit
873 1673 979 1733 omine
996 1671 1074 1732 euol
1089 1673 1196 1754 Neque
1208 1674 1294 1734 enim
1310 1673 1351 1734 el)

294 1779 435 1842 humana
454 1787 553 1838 matre
572 1769 769 1836 venissetibi
789 1781 835 1831 tot
854 1765 939 1830 bona
960 1769 1074 1852 cogites
1093 1789 1101 1828 :
1121 1767 1250 1830 ooelestia
1268 1767 1351 1830 dona

293 1875 473 1956 largiuntur
495 1873 551 1934 dii.
573 1871 658 1933 Olim
681 1869 866 1946 mirariue,
892 1867 1010 1930 femine
1037 1867 1195 1950 quomodo
1220 1867 1352 1930 valuerit

294 1973 420 2056 Trojam
437 1967 658 2054 pessumdare.
681 1989 767 2029 nunc
782 1981 864 2027 stare
882 1967 943 2026 sibi
959 1986 1026 2028 rem
1044 1969 1116 2028 eatis
1135 1983 1348 2052 compertam

295 2069 449 2157 quidquid
467 2069 508 2130 ob
522 2066 675 2127 Helenam
688 2064 808 2126 factum
823 2066 879 2140 sit,
898 2085 983 2125 nunc
1002 2064 1060 2125 eibi
1075 2065 1210 2149 probari.
1229 2066 1350 2144 Vultis,

295 2173 443 2253 pictores,
455 2179 485 2228 et
497 2143 596 2249 Apelli
606 2178 636 2225 et
647 2163 772 2226 Zeuxidi
785 2164 902 2247 eripere
911 2160 1030 2224 famum
1042 2163 1151 2224 suam?
1164 2166 1200 2224 ln
1211 2164 1351 2248 exemplo

295 2265 385 2326 vobis
400 2261 533 2347 Cynthia
548 2275 656 2324 nostra
667 2262 729 2322 sit:
748 2273 871 2336 uretur,
887 2261 1076 2344 quicumque
1091 2259 1138 2322 vel
1152 2261 1267 2346 pictam
1282 2281 1350 2344 spe·

296 2361 394 2426 ctabit
410 2359 589 2447 Cynthium.

744 2501 747 2512 ι
765 2511 878 2530 *-

345 2604 430 2740 Qm
444 2645 575 2716 nullam
586 2645 646 2714 tibi
657 2607 873 2738 dicebaejom
885 2667 985 2738 posse
999 2667 1137 2728 nocere,

390 2758 542 2839 Haeeisti3
555 2752 675 2822 cecidit
688 2755 825 2846 spiritus
837 2752 894 2821 ille
906 2769 997 2822 tuus.

341 2871 405 2937 Vix
419 2891 527 2936 unum
539 2883 654 2960 potes,
669 2864 800 2945 infelix,
815 2868 1026 2960 requiescere
1039 2889 1211 2952 mensem,

328 3064 336 3072 .
387 2984 430 3048 Et
440 2981 549 3074 turpis
561 2977 603 3048 de
617 2975 731 3072 tejam
743 2977 827 3047 liber
838 2978 925 3047 alter
935 2981 1009 3048 erit.

340 3089 554 3178 Qum-eham,
568 3091 695 3158 siccasi
708 3106 823 3182 posset
834 3093 936 3182 piscis
948 3113 1068 3173 arene,

387 3207 457 3270 Nec
471 3201 588 3270 solitus
602 3218 706 3295 ponto
723 3203 833 3269 vivere
847 3218 962 3270 torvus
974 3225 1071 3294 aper,

340 3322 407 3384 Aut
419 3337 481 3406 ego
493 3317 522 3382 si
531 3337 668 3408 possem
683 3312 801 3382 studiis
817 3313 954 3405 vigilare
969 3314 1113 3382 severis:

387 3425 566 3508 Differtur‚
579 3448 768 3519 numquam
781 3423 911 3490 tollitur
921 3420 1011 3489 ullus
1024 3445 1130 3488 amor.

332 3603 354 3640 ι.
371 3586 422 3657 Qui
435 3585 556 3651 nullam,
574 3599 624 3639 etc.
639 3585 718 3637 Conl.
733 3583 799 3637 ouh·
843 3587 943 3649 torius,
962 3581 1034 3638 ioetlo
1049 3581 1194 3636 nobilitum
1211 3595 1346 3636 auctorem

289 3666 374 3738 jectan
399 3661 435 3717 ml
457 3666 544 3716 Vitem
563 3663 726 3732 chronolog.
748 3679 800 3712 no·
843 3681 930 3716 suum.

293 3757 348 3814 tue,
369 3761 532 3816 supro'pag.
560 3759 600 3813 17.
620 3771 657 3782 -
674 3739 798 3806 Hoesisti‚·
878 3739 904 3794 5.
927 3740 1095 3812 Querebom,
1114 3754 1164 3794 etc.
1183 3759 1225 3795 reo
1248 3761 1348 3817 qum·

293 3835 402 3895 repente
419 3823 529 3888 stetisti,
548 3821 687 3872 constitisti
706 3821 798 3870 immo·
842 3819 904 3871 bam
915 3817 1079 3873 difficultatis
1090 3820 1225 3892 ejusdeme
1239 3840 1273 3873 on
1285 3841 1347 3894 poe·

293 3916 344 3954 tue.
355 3903 526 3975 —Spin'tto‚
541 3903 660 3967 enimus,
673 3898 797 3972 superbia
842 3911 901 3950 sent
912 3899 993 3970 pisel·
1005 3911 1031 3950 et
1044 3917 1124 3972 oper,
1135 3913 1185 3952 ele.
1202 3913 1247 3953 eut
1262 3919 1311 3972 eqo
1324 3902 1346 3955 ei

294 3980 338 4034 illa
351 3993 406 4038 tun.
841 3995 965 4049 possem,
981 3990 1032 4030 etc.
1051 4009 1087 4021 -
1102 3979 1245 4054 Diffenur,
1264 3981 1347 4034 intor-

329 4063 356 4130 4.
370 4061 465 4136 Turpis
480 4060 554 4128 liber,
569 4057 710 4132 pudendus
727 4075 797 4113 emo·
841 4060 936 4110 missus
947 4071 1033 4109 vocnt.
1096 4089 1098 4097 ι
