3116 4756
513 337 776 404 raorsaru
799 339 887 406 nm.
913 343 961 407 11.
1153 305 1254 414 '201

305 471 373 535 Ant
382 467 511 560 poesim
522 466 660 532 Ismaria
673 463 796 534 ducere
808 465 1015 552 amiciores,

260 575 322 649 Sed
336 577 442 670 magis
455 590 493 643 ut
504 589 618 644 nostro
630 575 788 668 stupefiat
797 575 942 672 Cynthia
955 603 1065 648 versu.
1098 572 1100 576 ’

305 693 403 758 Tunc
416 709 478 780 ego
490 687 554 754 aim
564 684 701 754 Inachio
712 687 824 755 notior
835 703 908 756 arte
920 691 1016 757 Lino.

260 803 335 867 Non
346 820 408 899 ego
420 820 497 866 eum
509 795 627 864 formae
638 807 771 864 tantum
781 798 921 865 mirator
935 797 1102 883 honestae,

305 913 374 978 Nec
388 910 416 977 si
429 933 497 1004 qua
507 905 655 976 illustres
665 906 791 974 femina
798 903 905 1000 jactat
915 933 1016 978 avos:
1094 942 1096 948 ¹
1230 945 1262 982 ιο
1309 897 1312 905 ’
1366 907 1372 918 ’

260 1026 316 1090 Με
323 1019 418 1115 juvet
426 1022 463 1086 in
474 1019 601 1112 gremio
614 1017 722 1086 doctae
732 1016 854 1110 legisse
864 1017 1003 1112 puellae,

305 1129 449 1199 Auribus
461 1144 496 1197 et
506 1130 600 1220 puris
611 1129 735 1220 scripta
748 1125 910 1219 probasse
923 1152 1009 1198 mea.

259 1244 341 1310 Haec
350 1239 409 1308 ubi
422 1239 637 1332 contigerint,
649 1237 768 1330 populi
779 1237 923 1306 confusa
935 1239 1046 1309 valeto

305 1349 432 1418 Fabula
442 1376 452 1432 ;
464 1371 545 1415 nam
556 1345 693 1415 domina
703 1342 817 1438 judice
830 1361 923 1416 tutus
939 1371 1016 1416 ero:

259 1465 341 1548 Quae
353 1462 381 1528 si
392 1459 477 1528 forte
488 1459 593 1526 bonas
605 1455 648 1524 ad
659 1478 777 1548 pacem
789 1458 927 1525 verterit
939 1481 1054 1541 aures,
1228 1475 1259 1528 15

304 1576 447 1640 Possum
457 1569 647 1636 inimicitias
659 1582 740 1634 tunc
750 1589 813 1658 ego
824 1566 913 1634 ferre
924 1569 1028 1636 Jovis.

257 1929 547 2027 Quandocumque
556 1931 658 2024 igitur
669 1944 803 1998 nostros
815 1952 908 1996 mors
920 1927 1055 1998 claudet
1067 1925 1210 2010 ocellos,

213 2119 374 2171 contermina
384 2117 714 2172 Macedonian—Ismaria
757 2116 928 2190 contiperittt,
949 2113 1045 2182 idest,
1065 2133 1123 2188 quse
1140 2111 1262 2167 nondum

212 2195 298 2260 colle5
311 2199 339 2249 in
356 2196 441 2264 salle,
457 2196 612 2268 pervellem
628 2197 712 2248 isma·
758 2196 937 2266 contigerunt.

212 2276 286 2329 riom.
295 2278 373 2328 Mons
381 2274 498 2346 ejusdem
505 2273 624 2328 Thracio
631 2275 713 2326 lsma·
797 2275 838 2327 13.
852 2273 953 2346 Populi
964 2270 1073 2344 consuta
1080 2270 1177 2343 fabulo
1185 2291 1264 2334 ,··ser-

212 2373 257 2410 rus
269 2371 326 2424 est,
340 2357 397 2430 lyra
411 2369 542 2430 cantuque
556 2354 712 2408 nobilitatus
757 2373 866 2420 mones,
880 2354 982 2423 judicia
1000 2349 1072 2421 tulgi
1085 2350 1141 2403 hnc
1158 2349 1213 2403 illa.
1227 2380 1265 2394 -··

211 2433 322 2507 Orphei.
758 2431 853 2488 Valere
863 2431 907 2484 hic
918 2431 1044 2484 mittentis
1054 2443 1081 2481 et
1091 2441 1264 2483 contemnen-

246 2515 273 2568 8.
290 2514 386 2566 unum
400 2514 469 2566 inter
480 2525 552 2566 vates
566 2511 713 2584 antiquisai·
758 2512 791 2562 tis
811 2523 850 2564 est
865 2531 873 2562 s
891 2509 965 2563 Nihil
979 2527 1089 2577 curare,
1106 2505 1207 2561 habere
1228 2505 1262 2560 de

211 2592 336 2644 malama
351 2591 472 2644 celebrat.
483 2591 589 2663 Orphea
598 2589 714 2662 discipu·
757 2589 853 2644 nihilo.
1194 2649 1197 2658 ,

211 2667 266 2724 ium
285 2669 381 2722 babuit
397 2683 425 2722 et
440 2669 595 2738 Herculem,
611 2667 716 2741 Apolli·
797 2688 838 2744 ¹7·
860 2671 1084 2743 Quandocumque
1097 2670 1193 2745 ipitssr,
1210 2681 1262 2722 ete.

212 2751 253 2802 nia
273 2749 351 2803 iilius.
367 2779 404 2790 -
422 2749 564 2814 Inachius,
584 2750 711 2819 Argivus:
757 2753 905 2805 Posteriora
918 2749 991 2816 hnc,
1001 2767 1081 2803 sensu
1089 2751 1195 2821 penitus
1210 2749 1263 2802 alio

212 2830 247 2882 cf.
256 2829 283 2895 l,
297 2829 343 2898 13,
352 2827 515 2896 (iterim,
525 2847 585 2882 ero:
595 2826 655 2882 side
663 2830 713 2896 111,
761 2841 907 2900 concepta,
918 2829 1002 2880 critici
1013 2826 1114 2880 dudum
1126 2826 1264 2881 intellexe-

211 2908 245 2976 3,
259 2907 302 2975 dt.
760 2921 823 2960 runt
841 2927 856 2960 a
874 2907 1005 2979 prioribus
1029 2905 1176 2976 separanda
1196 2923 1262 2958 esse.

246 3005 273 3059 9.
287 2987 350 3042 Non
361 3005 421 3062 eqo,
437 3001 489 3040 eto.
502 3005 558 3039 non
573 3005 623 3058 ego
637 3005 712 3055 sam,
760 2987 812 3040 sed
822 2985 869 3038 ubi
880 2985 958 3038 facile
972 2999 1058 3056 partes
1069 2985 1137 3038 dnae
1152 2982 1265 3038 admitti-

212 3067 256 3119 cui
273 3067 359 3118 forma
380 3063 547 3118 solummodo
567 3064 608 3118 vel
629 3083 712 3136 genus
758 3086 834 3134 mus,
854 3065 1016 3120 vocabulum
1036 3065 1116 3140 ipitur
1137 3085 1170 3118 an
1191 3077 1264 3118 recte

212 3145 410 3198 admirationem
421 3146 713 3214 moveattmejusetin
757 3146 845 3218 possit
872 3147 980 3198 carmini
1008 3144 1073 3198 dare
1102 3145 1264 3213 exordium,

212 3225 328 3296 gremio,
345 3237 394 3276 etc.
412 3219 577 3276 Vocabuiem
595 3221 714 3278 honestus
759 3242 913 3297 queremus.
929 3224 1071 3278 Jacobsius
1083 3223 1218 3290 adfirmat,
1235 3225 1263 3276 in

212 3302 246 3355 ad
265 3301 444 3356 conditionem
464 3303 562 3356 retem
582 3315 608 3356 et
628 3321 713 3374 genus
759 3303 893 3376 epistola,
920 3325 976 3379 qne
999 3306 1066 3358 Astii
1085 3307 1263 3379 Propertianis

212 3385 331 3447 feminam
349 3397 434 3437 totum
450 3403 513 3438 sero
531 3383 665 3438 distichon
679 3382 714 3437 ad
758 3385 909 3440 Observatt.
929 3387 1112 3455 praemittitur,
1131 3403 1191 3456 pag.
1215 3383 1262 3450 ri,

211 3464 296 3535 ipsam
314 3463 467 3538 Cynthium,
479 3463 513 3518 de
527 3467 661 3536 cujusoso
672 3463 713 3516 di·
758 3463 902 3537 adlatoque
915 3466 1017 3518 Horatii
1030 3463 1166 3535 exemplo,
1178 3476 1226 3514 sat.
1237 3463 1262 3528 1,

212 3545 296 3598 ximus
310 3543 343 3597 sd
358 3547 386 3612 l,
402 3562 428 3612 t,
444 3562 467 3598 t.
761 3560 807 3608 tc,
828 3559 858 3610 t,
873 3544 998 3616 iNetstpe
1014 3541 1192 3612 incomposito
1209 3536 1263 3592 dixi

251 3634 291 3670 tt.
300 3619 431 3688 Mejttvei.
441 3617 563 3670 Restituit
569 3615 714 3669 Lachmao·
757 3621 827 3694 pede
838 3641 943 3675 currere
952 3619 1150 3684 vesuntionem,
1160 3643 1171 3668 s
1183 3617 1263 3670 abm-

212 3715 262 3749 nns
283 3699 439 3768 scriptoram
463 3695 533 3750 hane
559 3698 606 3750 Me
618 3699 713 3769 juvet,
757 3712 831 3771 ptam
843 3699 912 3752 hauc
928 3701 1040 3753 formam
1054 3697 1191 3769 Propertio
1206 3697 1263 3748 rin·

213 3793 293 3847 quam
311 3774 370 3828 iibri
390 3775 513 3830 meliores
536 3794 597 3828 cum
615 3777 713 3828 ceteris
758 3778 839 3832 dicat.
857 3781 996 3832 Rationem
1015 3777 1092 3830 liceat
1113 3795 1168 3827 non
1193 3776 1263 3828 acci-

212 3855 346 3928 pleritque
358 3870 518 3926 agnoscunt,
529 3859 591 3909 item
601 3857 715 3927 antiqui·
758 3877 830 3930 pere.
846 3861 949 3930 Nempe
965 3856 1037 3928 apud
1052 3856 1190 3908 Horatium
1208 3853 1263 3908 eie-

213 3947 256 3988 tns
270 3935 404 4005 impressi,
415 3955 464 4007 pro
472 3935 571 4007 vulgari
580 3937 624 3989 Me
625 3939 714 4008 juvat,
758 3951 852 4007 genter
861 3935 894 3990 ad
905 3957 936 3990 ea
945 3939 1073 4009 pertinet,
1083 3953 1141 4006 que
1151 3934 1262 4005 legimus

213 4013 348 4068 meliorem
361 4013 446 4084 iilam,
461 4029 587 4089 sequente
600 4017 662 4068 Hoec
672 4016 717 4068 uss·
759 4018 835 4070 initio
851 4031 949 4088 quarte
966 4017 1050 4069 satirae
1066 4015 1167 4086 posita:
1180 4033 1262 4069 soca·
