3128 4766
238 423 1262 458 m

383 661 467 772 IN
522 661 1057 777 PROPERTIUM

563 920 925 1022 PRAEFATIO.

688 1183 798 1202 Φ

264 1393 374 1494 Quod
388 1397 556 1475 volumen
577 1395 670 1473 istud
686 1395 815 1474 nullius
831 1403 1034 1500 interpretis
1051 1400 1197 1472 nornine
1213 1399 1268 1470 in-

215 1520 387 1618 scriptum
401 1515 570 1616 prodeat,
587 1519 718 1589 mirum
738 1514 888 1590 forsitan
905 1515 971 1588 tibi
987 1513 1178 1606 videbitur,
1194 1511 1268 1586 lec·

215 1645 272 1702 tor
287 1632 446 1730 optime,
461 1629 525 1705 sed
547 1655 659 1730 quum
683 1646 786 1704 notas
810 1647 846 1704 et
868 1645 995 1704 caetera
1015 1631 1122 1703 totius
1147 1631 1266 1728 operis

218 1759 428 1821 ornamenta
448 1744 608 1848 diligenti
630 1751 751 1821 animo
776 1749 1041 1848 recognoveris,
1058 1743 1268 1817 admiratio·

215 1887 298 1937 nem
322 1859 488 1962 profecto
509 1862 683 1962 majorem
710 1860 867 1934 futuram
886 1859 952 1933 tibi
973 1857 1078 1932 facile
1104 1855 1267 1930 credide·

216 1980 293 2048 rim.
303 1974 517 2050 'Doctrinam
534 1981 686 2067 etenim,
704 1975 860 2049 studium
874 1973 1156 2072 industriamque
1175 1969 1265 2046 adeo

215 2117 287 2166 non
308 2090 392 2166 huic
417 2091 510 2166 libro
535 2091 688 2166 defuisse
708 2097 884 2184 invenies,
908 2107 1054 2191 tamque
1070 2093 1266 2190 patientem

214 2205 349 2304 ubique
356 2222 394 2279 et
403 2207 558 2304 peritam
569 2209 772 2305 interpretis
789 2199 1037 2306 deprehendes
1053 2209 1216 2291 manum,
1227 2219 1267 2274 ut

213 2317 356 2392 laudem
367 2323 449 2394 satis
460 2318 633 2419 amplam,
646 2311 864 2419 quicumque
877 2343 999 2392 curam
1014 2315 1106 2388 hanc
1120 2339 1267 2416 gravem

212 2441 429 2536 susceperit,
454 2436 637 2512 vindicare
663 2437 729 2511 tibi
757 2445 914 2540 potuisse
942 2461 1105 2526 censeas,
1132 2437 1264 2511 nedum

211 2554 381 2651 cognosci
407 2568 601 2626 vereretur.
627 2557 760 2626 Totum
784 2558 880 2626 enim
902 2551 998 2625 hunc
1022 2550 1186 2626 laborem
1212 2555 1267 2624 vir

210 2662 315 2738 nobis
332 2668 562 2760 amicissimus
576 2667 745 2759 confecit,
763 2683 800 2740 et
817 2694 909 2768 pace
927 2665 1020 2740 illius
1034 2667 1170 2756 dicam,
1184 2691 1267 2764 per·

210 2777 307 2852 fecit
329 2781 453 2872 Quum
473 2797 593 2855 autem
612 2807 790 2855 summam
812 2786 915 2882 operi
936 2807 1083 2854 manum
1102 2779 1264 2854 nondum

212 2895 420 2991 imposuisse
435 2893 503 2968 sibi
520 2895 718 2988 videretur,
735 2914 772 2970 et
783 2902 901 2970 minus
913 2897 1154 2997 probarentur
1168 2922 1266 2996 quae·

211 3007 296 3080 dam
322 3012 523 3083 etiamnunc
544 3030 686 3112 partes,
712 3019 909 3113 presertim
926 3012 1026 3114 quod
1054 3011 1101 3087 ad
1125 3011 1264 3084 ludices

212 3127 356 3213 attinet,
371 3150 437 3197 nec
444 3126 520 3223 jam
532 3131 663 3200 sineret
672 3143 832 3228 tempus,
848 3143 997 3228 urgente
1013 3125 1116 3226 hujus
1135 3124 1265 3198 editio—

213 3239 266 3309 nis
285 3235 384 3336 lege,
400 3236 579 3312 sedulitati
599 3245 748 3313 nimium
766 3257 899 3342 argutae
917 3243 1117 3330 immorari,
1131 3264 1264 3312 nomen

212 3375 312 3423 suum
328 3355 382 3425 vir
398 3351 524 3426 doctus
538 3355 641 3430 uobis
662 3355 804 3446 invidit,
824 3383 888 3447 ne,
906 3360 935 3430 si
952 3356 1039 3457 quid
1055 3353 1173 3428 adhuc
1188 3379 1264 3426 cas·
1313 3345 1315 3354 ’

212 3467 351 3564 tigatius
368 3465 641 3561 desideraretur,
657 3497 738 3544 reus
752 3469 871 3563 fieret,
884 3469 1121 3572 singularique
1133 3465 1193 3540 illa
1209 3493 1262 3540 re·

210 3577 342 3680 ligione
358 3599 395 3654 et
413 3599 452 3656 ut
470 3587 519 3656 ita
540 3585 658 3658 dicam
675 3585 862 3661 ambitiosa
883 3587 1056 3660 modestia
1074 3612 1111 3658 se
1126 3585 1262 3658 meritae

210 3691 324 3769 landis
340 3695 458 3772 fructu
474 3699 709 3773 defraudavit.

258 3809 469 3886 Cedendum
495 3818 602 3914 igitur
631 3815 698 3889 fuit
724 3815 806 3889 huic
835 3815 1024 3908 voluntati,
1056 3839 1261 3914 quanquam

210 3949 321 4024 quum
333 3953 444 4000 unum
460 3945 592 4004 etanta
603 3956 752 4006 numero
766 3935 974 4006 Latinorum
988 3945 1175 4003 auctorum
1186 3932 1261 4000 sine

206 4057 308 4112 certo
333 4046 534 4143 interpretis
556 4051 699 4120 nomine
724 4045 899 4147 evulgari,
917 4065 992 4123 tum
1015 4046 1258 4119 doctissimum
