3128 4766
628 579 877 676 ELEGIA
906 581 993 676 xl.

634 817 693 882 AD
716 815 987 884 CYNTssttM.

697 1245 924 1286 anonumum

333 1353 513 1414 versantem
528 1355 608 1414 Raiis
621 1354 791 1437 Cynthium
806 1369 836 1417 ct
849 1358 1028 1418 amoenitate
1041 1356 1102 1417 loci
1118 1357 1272 1418 fruentem
1286 1377 1337 1416 ro-

293 1463 345 1532 gat
359 1451 508 1512 sollicitus
520 1465 627 1534 poeta,
640 1473 717 1513 num
732 1449 834 1514 adhoc
846 1453 893 1514 sui
905 1475 1025 1514 memor
1035 1455 1089 1528 sit,
1102 1474 1143 1514 an
1158 1475 1223 1515 non
1235 1453 1340 1536 impli-

293 1565 360 1610 catu
375 1550 505 1625 deliciis,
522 1565 558 1612 ut
573 1565 634 1627 est,
652 1551 806 1613 levitatem
822 1551 943 1613 facilius
959 1565 989 1613 et
1003 1551 1146 1612 infidiam
1162 1551 1339 1633 praetulerit.

292 1647 422 1708 Utinam
433 1651 504 1708 satis
516 1647 561 1708 illi
573 1650 651 1724 sint,
660 1667 739 1732 quos
751 1647 886 1708 admittit
898 1649 1000 1733 pudor
1011 1649 1155 1710 innoxios
1167 1647 1264 1712 lusus!
1275 1649 1341 1730 qni·

292 1741 349 1803 bus
361 1743 551 1805 delectantur
564 1746 629 1805 sine
641 1745 756 1806 damno
767 1744 906 1807 feminae!
918 1747 1097 1806 Amatomm
1109 1743 1163 1804 illa
1174 1743 1341 1805 blanditias

294 1843 408 1902 arceat!
428 1864 552 1926 peccare
571 1841 698 1918 multas,
720 1843 773 1902 ubl
792 1842 952 1903 custodem
970 1842 1034 1926 jam
1055 1840 1191 1903 habeant
1208 1839 1340 1902 nullum.

293 1937 446 2020 Objectori
460 1940 585 2021 quidem
602 1960 688 2024 posse
705 1937 751 2000 nil
764 1939 938 2022 quidquam
955 1937 1098 2022 Cynthius
1113 1963 1120 1998 :
1136 1937 1187 1999 sed
1202 1959 1340 1999 amorem

294 2053 355 2093 esse
374 2047 486 2094 natura
502 2035 666 2116 timidum,
682 2048 713 2096 et
728 2034 953 2116 ignoscendum
970 2035 1069 2096 verbis
1087 2053 1163 2110 esse,
1180 2056 1247 2118 quae
1267 2033 1341 2094 talia

293 2131 390 2191 timor
407 2134 552 2213 suggerit.
570 2131 709 2194 Puellam
727 2132 786 2193 sibi
805 2133 1052 2210 dilectissimam,
1070 2134 1198 2194 unicum
1214 2131 1270 2214 sibi
1287 2131 1341 2192 bo·

293 2246 388 2301 num,
400 2225 512 2289 laetitiae
525 2229 584 2290 sibi
598 2251 721 2295 causam
732 2251 857 2292 omnem
871 2245 900 2292 ct
910 2233 1050 2292 moeroris
1063 2245 1156 2312 prout
1168 2226 1256 2310 libell,
1268 2227 1342 2290 hor-

293 2337 393 2399 tamr‚
408 2329 650 2411 quamprimum
667 2325 754 2389 Baias
765 2329 901 2403 deseret,
916 2329 1083 2409 litus'quod
1098 2327 1242 2387 infestum
1255 2327 1343 2387 castis

296 2421 373 2482 bene
383 2424 547 2486 concordes
559 2427 681 2486 animos
692 2447 772 2508 saepe
783 2425 971 2506 disjunxerit.

764 2623 875 2646 ...a-u·-

345 2755 492 2872 Ecoom
503 2807 537 2860 te
548 2794 666 2861 mediis
678 2810 883 2878 cessantem,
895 2765 1055 2888 Cpntbia,
1068 2795 1169 2872 Baiis,

388 2906 463 2987 Qua
472 2898 560 2994 jacet
574 2901 748 2969 Herculeis
761 2905 881 2971 semita
892 2903 1060 2984 litoribus,

336 3119 357 3152 ι.
370 3101 489 3174 Ecquid,
503 3114 553 3156 eto.
563 3105 731 3157 Constructio
744 3120 798 3158 est:
845 3103 940 3178 quibus
956 3104 1054 3176 pendia
1073 3123 1126 3156 non
1148 3105 1248 3166 minus,
1263 3117 1342 3171 qoem

299 3185 388 3236 «Dum
414 3200 500 3235 cessas
526 3185 595 3236 Baiis
620 3181 689 3257 (que
710 3187 798 3255 jacet,
845 3183 912 3236 mule
936 3202 1001 3236 sano
1032 3181 1137 3252 corpori
1164 3177 1341 3241 medicinam,

298 3261 379 3332 eto),
402 3272 429 3313 et
451 3260 532 3313 modo
555 3262 697 3335 Thesproti
718 3281 798 3334 regno
844 3263 992 3335 quaerimus.
1016 3260 1117 3312 Medios
1141 3254 1197 3307 vult
1223 3273 1266 3308 eas
1290 3253 1343 3306 dici

297 3359 403 3412 equora
415 3338 520 3392 subdita
539 3343 657 3408 miraris,
673 3361 730 3413 qum
748 3343 798 3394 ut·
843 3338 976 3404 Kuinoel‚
997 3337 1069 3408 quod
1088 3337 1217 3388 Misenum
1237 3335 1304 3386 inter
1317 3346 1343 3387 et

297 3425 366 3474 senis
377 3421 496 3494 proxima
507 3421 691 3495 suut‚ecquid
702 3436 798 3480 tecum
843 3417 966 3471 Puteolos
990 3417 1104 3468 fuerint:
1132 3414 1188 3466 noli
1214 3410 1342 3466 credere:

297 3500 368 3554 subit
388 3501 471 3554 nostri
487 3517 616 3554 memores
635 3513 727 3554 noctes
750 3499 799 3552 du·
844 3511 919 3550 ornat
939 3496 1085 3566 adjectivae
1105 3497 1152 3546 iste
1170 3493 1342 3558 sententiam,

298 3582 394 3634 cere?-
409 3581 620 3646 (lessamotiari,
634 3579 727 3633 molles
743 3579 799 3633 dies
845 3578 869 3628 vi
887 3577 990 3648 positus
1008 3575 1062 3626 fere
1083 3572 1166 3626 nulla.
1187 3570 1229 3624 Sic
1246 3571 1343 3626 medios

298 3661 516 3732 egere-Baius,
531 3657 565 3712 ad
577 3677 665 3725 mure,
678 3661 704 3710 in
721 3659 798 3711 Carn-
844 3673 962 3725 campos,
980 3652 1092 3704 mediam
1107 3651 1176 3704 vium
1186 3651 1265 3704 toties
1276 3649 1345 3702 dici·

298 3741 392 3812 pania,
422 3759 533 3814 qunmm
564 3737 673 3792 laudaut
701 3741 799 3810 passim
844 3751 920 3797 mus,
943 3745 969 3785 ct
991 3731 1088 3782 medias
1113 3729 1228 3796 Thebas,
1254 3731 1275 3783 si
1302 3749 1344 3782 res

297 3822 410 3872 Romani
428 3822 568 3891 scriptores
581 3835 664 3891 aquas
679 3830 705 3870 ct
719 3837 799 3870 amoe-
844 3811 995 3864 adcuratius
1014 3821 1081 3863 esset
1101 3808 1258 3882 probanda,
1280 3809 1345 3862 Ori·

299 3917 361 3951 num
386 3901 472 3952 situm.
492 3899 568 3951 Baias
588 3897 645 3952 ltali
664 3897 798 3970 quondam
844 3893 903 3946 dius
919 3892 998 3945 babet
1015 3895 1122 3944 Metam.
1145 3892 1218 3956 lllll,
1237 3891 1344 3960 692.-

297 3975 468 4044 bnbnerunt,
494 3978 531 4029 uti
561 3995 609 4030 nos
638 3975 716 4030 urbes
741 3975 798 4028 illas
844 3973 1001 4027 Horudcum
1019 3972 1133 4038 litus,in
1148 3971 1344 4043 quoscmitam,

298 4067 414 4122 nostras,
431 4057 525 4121 Victi,
543 4057 681 4130 Baqodres,
703 4069 753 4108 etc.
771 4057 797 4107 iu
844 4055 911 4106 viam
922 4055 979 4126 (lv,
993 4053 1023 4114 tt„
1034 4053 1098 4124 oo),
1117 4051 1241 4106 llcrculcs
1261 4053 1344 4104 muni·
