3116 4756
319 349 384 414 252
615 340 876 407 PROPERTII
902 338 989 403 LIB.
1015 339 1061 402 11.

360 478 367 492 '
408 462 742 536 Custodumetnullo
756 477 861 555 saepta
874 463 1007 544 timore,
1022 458 1146 552 placet3
1255 475 1257 484 ’

362 580 422 647 Cui
436 600 526 670 saepe
537 575 713 644 immundo
725 578 823 644 Sacra
834 576 1016 642 conteritur
1027 575 1079 641 via
1091 595 1206 654 socco,
1329 586 1360 641 ι5

410 695 477 756 Nec
490 691 569 756 sinit
580 710 654 754 esse
667 709 813 770 moram,
827 687 856 752 si
867 686 942 779 quis
954 681 1046 752 adire
1058 682 1147 752 velit.

361 800 499 868 Differet
511 799 583 867 haec
595 821 798 892 numquam,
811 819 875 864 nec
887 811 1003 888 poscet
1014 791 1162 886 garrula,
1175 791 1266 888 quod
1277 808 1310 858 te

337 944 341 954 =
408 909 594 978 Adstrictus
606 908 716 1003 ploret
726 931 815 1002 saepe
827 904 959 974 dedisse
974 921 1087 998 pater;

362 1025 431 1090 Nec
442 1020 546 1102 dicet,
559 1023 696 1103 Time03
711 1042 856 1112 propera
864 1013 934 1110 jum
946 1039 1099 1108 surpere,
1112 1037 1244 1110 quaeso:
1326 1012 1331 1020 '

410 1129 542 1197 Infelix!
559 1127 660 1197 hodie
672 1131 723 1196 vir
735 1127 816 1196 mihi
828 1148 907 1194 rure
917 1127 1022 1193 'venit
1329 1154 1362 1190 κο

363 1247 404 1309 Et
414 1265 498 1336 quas
510 1240 715 1333 Euphrates,
730 1256 763 1308 et
776 1237 954 1334 quaemihi
968 1237 1059 1304 misit
1070 1238 1229 1319 Orontes,

316 1409 418 1480 Bq’ecto
430 1407 529 1460 amictu
534 1446 544 1473 ,
564 1419 706 1460 retrorsum
721 1408 819 1460 amictu
862 1401 934 1457 nuile
943 1405 1059 1475 positum
1069 1419 1120 1472 pro
1130 1399 1282 1452 diffamare:
1292 1411 1362 1451 certe

315 1490 432 1557 rejecto,
450 1500 542 1556 aperta
561 1487 656 1537 sinum.
675 1513 711 1526 -
730 1484 818 1538 Vadit.
862 1487 889 1536 iu
906 1503 952 1544 eo,
972 1502 1049 1558 quem
1066 1482 1193 1547 diximus,
1206 1481 1287 1550 ipsius
1299 1483 1362 1532 Pro·

315 1565 356 1618 De
367 1567 444 1636 cujus
453 1565 527 1616 verbi
540 1583 619 1618 seusu
630 1565 689 1616 vide
704 1563 737 1616 ad
752 1567 776 1630 1,
788 1563 819 1631 6,
860 1565 940 1636 pet-tii
955 1562 1014 1616 loco
1029 1559 1068 1631 (1,
1084 1561 1117 1628 4,
1131 1559 1298 1632 au)differrs
1313 1559 1364 1612 cir·

316 1643 395 1710 4.-
421 1645 559 1698 Custodum
581 1655 607 1696 st
630 1641 703 1696 nullo
727 1643 819 1696 timore
862 1663 921 1696 cum
939 1641 1043 1714 puellus
1060 1641 1167 1711 legitur,
1181 1641 1244 1691 item
1263 1636 1363 1691 invidia

315 1735 407 1794 soeptu,
426 1721 581 1774 custodibus
596 1740 645 1774 nec
663 1721 722 1774 ullis
739 1734 818 1791 saepta
862 1721 967 1792 defferri
978 1719 1006 1784 l,
1030 1715 1076 1782 16,
1096 1731 1211 1770 extremo
1229 1719 1360 1778 carminat

316 1799 478 1852 caventibus.
490 1799 748 1870 Timoneaguoscunt
757 1801 819 1851 scri·
862 1797 972 1868 differre
982 1795 1126 1848 rumoribus
1133 1795 1255 1861 Tacitus,
1267 1793 1362 1846 Annal.

315 1879 355 1949 pti
370 1895 449 1930 manu
464 1878 524 1930 libri
537 1897 629 1930 omnes
641 1877 691 1947 (cl.
705 1880 754 1942 ΙΙΙ,
772 1894 818 1944 tt,
862 1876 887 1941 l,
898 1875 923 1941 4.
934 1875 1032 1926 -Nec
1042 1872 1255 1948 poscetqarrula,
1266 1871 1362 1926 blanda

319 1954 381 2028 17),
393 1969 461 2008 nete
473 1954 546 2007 fallat
557 1955 629 2027 quod
641 1957 734 2026 partim
744 1952 820 2008 exhi·
862 1954 982 2026 garrula,
1003 1953 1082 2006 dulce
1101 1955 1128 2004 in
1149 1971 1239 2004 aurem
1255 1971 1361 2008 sonans.

316 2033 380 2087 bent
388 2037 521 2107 impressi:
532 2034 699 2088 «Custodum
709 2048 735 2088 et
745 2035 818 2087 nullo
862 2033 982 2104 -Quod
994 2043 1026 2084 te.
1043 2032 1164 2102 impressi
1179 2029 1239 2081 libri
1253 2048 1309 2103 quta
1323 2041 1363 2092 te,·

315 2126 396 2184 surpta
410 2125 523 2181 tumore,
536 2138 547 2162 ι
559 2113 653 2180 idest,
666 2116 819 2186 stipantium
863 2111 954 2182 scripti
964 2129 1044 2162 manu
1056 2123 1184 2182 quantum
1196 2123 1300 2162 constat
1310 2127 1366 2162 om·

317 2209 452 2244 servornm
464 2193 533 2245 lustu
548 2195 634 2246 cineta
646 2193 729 2245 nullo.
864 2207 928 2254 nes,
938 2188 1021 2260 quod.
1034 2216 1071 2229 -
1082 2187 1236 2254 Adstrictus,
1251 2205 1364 2258 paruus,

356 2271 394 2326 15.
406 2272 485 2324 Sacra
498 2274 539 2325 via
549 2271 598 2344 (da
612 2292 665 2344 qua
676 2293 754 2345 supra
763 2277 819 2343 jam
864 2281 956 2334 tenax,
974 2267 1051 2319 sicuti
1070 2284 1117 2318 nos
1138 2267 1281 2318 etiamnum
1297 2265 1364 2317 diei-

317 2347 434 2417 (lictum,
452 2349 517 2421 eleg.
539 2369 566 2418 r,
583 2351 648 2422 34),
665 2355 706 2405 via
723 2371 818 2424 magno
864 2365 922 2399 mua
932 2366 968 2398 un
982 2344 1085 2400 homme
1095 2345 1213 2398 serrem
1224 2345 1299 2416 Quod
1304 2344 1364 2415 plo·

318 2447 422 2502 semper
447 2434 659 2484 concursantium
690 2431 820 2498 tumultu,
864 2437 902 2478 ret
918 2437 995 2500 pater
1012 2437 1036 2478 te
1054 2424 1156 2477 dedisse.
1176 2424 1284 2480 Plorare
1303 2444 1363 2477 cnm

317 2508 378 2560 ideo
401 2507 476 2560 sedes
498 2521 559 2580 apta
577 2511 696 2575 feminis,
715 2528 771 2581 quse
792 2529 819 2561 aa
864 2505 992 2557 infinitivo
1004 2514 1199 2570 constructum,
1215 2501 1365 2580 utbisflcrs

317 2585 421 2638 venales
451 2585 591 2638 offerrent.
612 2614 649 2628 -
677 2587 819 2640 immundo
864 2586 1013 2635 notavimus
1028 2585 1096 2652 l‚7,
1112 2582 1151 2634 18.

317 2682 406 2729 socco,
420 2663 514 2718 lutosis
529 2662 651 2734 pedibus.
665 2665 725 2716 Jam
740 2683 819 2731 vero,
904 2679 943 2731 ¹9·
953 2661 1009 2714 Nec
1018 2661 1098 2726 dicet,
1111 2660 1240 2712 Timeo...
1251 2663 1291 2712 vir
1299 2659 1366 2712 mitt

318 2743 449 2814 Propertii
465 2741 539 2794 lectis
554 2741 594 2795 his
611 2742 746 2808 versibus,
761 2745 820 2818 quis
864 2761 924 2796 rure
940 2743 1018 2794 uenit.
1038 2741 1123 2808 Quem
1142 2743 1229 2812 ipsum
1248 2742 1365 2796 mulieris

318 2838 372 2873 non
388 2820 486 2874 oblitus
500 2823 588 2874 Romae
604 2821 638 2874 de
655 2825 757 2876 Lutetia
773 2841 820 2876 co·
865 2821 951 2875 infida
971 2839 1094 2894 pavorem
1114 2823 1233 2891 ignorare
1249 2839 1278 2874 se
1293 2823 1367 2874 canit

318 2901 401 2971 gitet?
415 2919 512 2953 nomeu
524 2903 545 2953 si
561 2914 677 2955 mutetur
689 2905 821 2977 viapquis
864 2903 1003 2966 Horatius,
1019 2913 1065 2954 sat.
1077 2902 1105 2966 Ι,
1118 2918 1146 2963 a,
1166 2917 1228 2970 ¹²72
1239 2900 1366 2954 obscenis

318 2997 374 3030 non
387 2980 518 3050 impuram
533 2979 606 3032 urbis
623 2993 718 3032 nostrae
736 2983 821 3051 regio·
864 2982 985 3036 versibus
1000 3005 1006 3034 ε
1027 2984 1104 3035 „Nee
1115 3000 1223 3045 vereor,
1240 2999 1289 3046 ue,
1301 2979 1367 3034 dnm

319 3077 379 3112 nem
390 3072 532 3130 agnoscat,
545 3058 572 3113 lu
587 3078 630 3112 rue
640 3061 821 3115 Sciret-Horto-
865 3065 961 3128 futuo,
980 3064 1020 3114 vir
1043 3080 1103 3113 rure
1123 3073 1258 3127 recurrat,
1277 3061 1366 3113 lanua

319 3135 610 3210 tl,1ePaluis-lloyal?
865 3143 1016 3212 frangatur,
1036 3140 1114 3192 latret
1132 3139 1227 3202 canis,
1248 3137 1365 3208 undique

359 3231 398 3285 17.
407 3215 522 3288 Differat
531 3217 585 3270 ltoec
595 3221 822 3292 numquamllus·
866 3239 961 3290 magno
973 3218 1049 3270 Pulsa
1062 3217 1156 3269 domus
1170 3218 1280 3288 strepitu
1294 3237 1365 3270 reso-

319 3293 426 3360 eutius,
445 3297 504 3366 quia
517 3298 648 3366 praecessit
659 3296 729 3348 laoc:
744 3299 821 3350 altre
865 3294 1365 3369 net,vepallitlalectoDeailiatntulier,

318 3375 441 3447 sinitesse
450 3392 565 3442 moram,
579 3376 601 3427 si
616 3378 674 3446 quis
689 3372 761 3427 adire
776 3393 821 3428 se·
864 3379 986 3430 miseram
1002 3393 1029 3427 se
1048 3376 1151 3426 conscia
1164 3372 1273 3439 elamet,
1288 3385 1362 3426 etc.-

319 3449 365 3518 lit,
377 3475 388 3499 ι
403 3453 512 3524 differre
524 3452 581 3506 vult
593 3471 649 3506 esse
664 3473 716 3507 non
728 3454 821 3508 ducem
878 3448 879 3451 ¹
900 3473 942 3510 nt.
953 3455 989 3506 Et
1002 3473 1065 3526 quas
1076 3452 1235 3525 Euphrates,
1250 3465 1301 3506 eto.
1316 3455 1366 3507 Ne·

316 3531 461 3603 promissis,
474 3531 522 3584 secl
533 3531 678 3602 infamare,
689 3552 820 3586 rumorem
864 3535 1004 3588 cessariam
1021 3531 1064 3584 hic
1081 3549 1189 3604 parvam
1204 3529 1365 3584 emendatio·

318 3610 470 3663 contrahere
480 3613 595 3677 nomini,
608 3625 637 3664 ut
646 3613 672 3675 1,
684 3612 716 3678 4,
729 3613 818 3662 22.'t'u
863 3634 923 3668 nem
943 3631 1005 3666 esse
1019 3610 1204 3664 lachmannus
1223 3611 1364 3664 observata

317 3690 483 3759 repetitionis
497 3707 589 3760 parurn
601 3707 665 3741 eura
677 3690 781 3756 vitium,
794 3703 820 3742 et
866 3691 934 3744 aHoe
941 3729 950 3757 ,
961 3707 1025 3762 quas
1034 3687 1179 3760 Euphrates
1189 3701 1216 3740 et
1225 3707 1292 3761 quas
1301 3689 1364 3744 milri

318 3770 434 3838 priorem
446 3787 553 3822 sensum
563 3788 652 3822 verum
667 3781 746 3841 puta:
758 3789 819 3824 natu
866 3769 936 3821 misit
945 3769 1076 3833 Orontes,
1090 3767 1133 3819 Me
1145 3770 1259 3840 capiant.
1272 3791 1283 3816 ι
1295 3769 1365 3822 Gau·

319 3845 460 3899 assidetur
475 3846 518 3899 hio
537 3845 737 3918 quodammodo
756 3847 820 3901 alie-
863 3847 925 3900 dere
932 3846 1033 3900 revelle
1040 3848 1239 3919 Propertiumin
1247 3849 1291 3912 iis,
1301 3867 1365 3922 quas

318 3941 383 3976 uum
400 3923 473 3996 quod
486 3924 580 3978 suadet
592 3924 757 3993 Huschlrius,
770 3945 819 3978 uec
864 3925 986 3980 omnibus
997 3939 1103 3998 paratas
1116 3925 1264 3999 Euphrates
1274 3928 1364 3981 Oron-

318 4002 430 4056 lortasse
453 4005 517 4056 satis
535 4003 691 4074 intelligitur
712 4003 820 4077 differre
866 4019 956 4076 tesqua
966 4009 1082 4062 mittunt.
1094 4007 1133 4060 De
1146 4007 1293 4078 prostitutis
1303 4005 1363 4077 qui-
