3122 4756
312 364 372 406 tta
616 339 880 404 PROPERTII
905 341 993 404 LIB.
1021 343 1047 404 I.

353 472 450 536 Nunc
462 467 726 560 ego‚nocturnis
739 483 897 559 potorum
908 469 1022 535 saucia
1033 469 1127 548 rixis,
1342 479 1357 530 5

399 575 534 644 Pulsata
545 576 691 668 indignis
702 601 792 670 saepe
804 602 929 672 queror
939 577 1113 662 manibus;

352 692 393 754 Et
404 687 487 756 mihi
499 711 569 755 non
581 686 705 758 desunt
715 704 831 780 turpes
843 687 992 782 pendere
1003 687 1138 758 corollae

397 800 547 890 Semper,
561 814 594 864 et
606 796 732 866 exclusi
746 801 840 890 signa
849 797 961 890 jacere
973 799 1080 882 laces3

351 912 420 976 Nec
431 931 572 1000 possum
584 907 725 976 infames
739 907 885 976 dominas
897 908 1079 978 defendere
1091 924 1221 989 nocteS,

397 1019 525 1088 Nobilis
537 1019 702 1088 obscaenis
715 1017 835 1086 tradita
848 1019 1061 1089 carminibus.
1328 1047 1358 1080 ιο

352 1133 436 1218 [Nec
448 1147 560 1198 tamen
573 1129 630 1198 illa
642 1153 712 1199 suae
727 1145 903 1197 revocatur
913 1153 1052 1223 parcere
1063 1129 1179 1210 famae,

397 1243 545 1333 Turpior
556 1256 590 1309 et
601 1239 690 1308 saecli
702 1243 814 1308 vivere
826 1239 987 1328 luxuria]

352 1357 420 1420 Has
432 1354 520 1420 inter
532 1350 690 1444 gravibus
702 1375 805 1443 cogor
816 1350 941 1420 dellere
954 1352 1115 1447 querelis,

398 1462 594 1556 Supplicisa
608 1461 716 1554 longis
731 1465 857 1531 tristior
868 1463 1027 1532 excubiis.

304 1668 413 1722 verbum
437 1667 568 1740 intelllgat
594 1685 730 1742 exceptam
754 1689 810 1724 esse
854 1671 1021 1743 Quamquam
1035 1689 1085 1722 neo
1101 1669 1169 1720 male
1186 1669 1292 1739 propria
1310 1687 1357 1721 sua

304 1745 491 1818 triumphantis
505 1746 594 1801 domo.
854 1749 1044 1820 significatione
1054 1751 1170 1820 positum
1181 1750 1355 1819 accipiemus:

340 1829 410 1899 7.Et
420 1828 503 1895 mihi,
516 1841 566 1881 etc.
577 1829 724 1901 Suspensas
733 1830 811 1902 puel·
854 1829 957 1882 NohiIIs
972 1849 1022 1902 ego
1043 1827 1194 1902 quondam,
1214 1847 1285 1880 nunc
1301 1841 1357 1880 tra·

304 1908 391 1960 larum
414 1907 518 1962 foribus
543 1909 658 1962 corollas
681 1925 811 1964 memorat
855 1908 908 1962 dita
924 1909 1093 1962 carminibus.

304 1985 399 2038 Catuli.
408 1987 504 2053 LXIII,
514 1987 564 2050 66;
575 1988 672 2040 Tihuil.
683 1990 708 2056 I,
719 2007 749 2056 a,
764 1989 809 2056 14;
895 2007 933 2041 ιι.
949 1991 1005 2042 Nec
1022 2002 1123 2053 tamen,
1135 2001 1185 2040 etc.
1202 1988 1357 2041 Gomorram

303 2067 409 2118 Lucret.
425 2067 475 2133 IV,
495 2082 558 2136 1171
581 2086 621 2138 sq.
635 2070 735 2140 Pagasai
747 2083 810 2121 tem·
854 2068 938 2136 hanc,
951 2088 1030 2140 quam
1041 2087 1090 2120 nec
1101 2067 1181 2118 verba
1195 2065 1297 2133 ierunt,
1311 2065 1357 2119 dat

303 2144 414 2218 poribus
434 2147 531 2196 nostris
550 2159 611 2199 ante
629 2147 700 2201 fores
722 2147 809 2200 domi-
855 2147 1057 2218 explicationem
1069 2145 1198 2216 Vulpius:
1221 2142 1271 2194 n'ri
1284 2163 1357 2196 revo-

304 2244 344 2277 noe
369 2223 450 2295 ligere
476 2225 563 2278 solent
590 2226 711 2280 arborem
737 2231 808 2280 vittis
853 2237 930 2278 catur
942 2242 1077 2279 accessum
1092 2225 1171 2276 simul
1187 2235 1212 2275 et
1224 2240 1356 2275 recessum

304 2304 452 2358 redimitam
476 2305 690 2360 versicoloribus.
713 2337 748 2347 -
774 2307 811 2359 Et
853 2305 1015 2375 significem
1031 2321 1085 2354 non
1101 2304 1219 2374 potuisse
1231 2303 1356 2354 feminam

256 2379 261 2388 ⁸
303 2383 401 2438 exclusi
425 2383 501 2460 signa
515 2389 606 2456 jacere
620 2385 713 2456 faces,
742 2405 808 2457 quas
853 2383 1357 2455 istamrevocariadpatcendumfamse

303 2466 460 2535 projecerit,
479 2483 562 2535 quum
573 2465 674 2530 abiret,
696 2467 741 2536 qni
754 2485 807 2517 non
854 2481 919 2526 sure,
936 2481 1023 2534 neque
1038 2481 1055 2512 a
1070 2462 1179 2513 vivendo
1196 2463 1307 2531 turpiter
1325 2479 1356 2514 ac

302 2542 383 2594 fuerit
393 2541 531 2594 admissus.
543 2541 664 2594 Docebat
675 2541 727 2594 hoc
739 2542 808 2593 indi·
853 2539 1015 2592 luxuriose·
1032 2538 1164 2594 Kainoel:
1178 2541 1256 2592 «Nec
1268 2553 1356 2592 tamen

303 2623 374 2673 cium
396 2639 473 2672 mane
498 2633 701 2691 pretereuntes,
723 2623 809 2690 cujus·
853 2633 942 2691 potest
963 2623 1081 2672 rovocari
1102 2636 1128 2674 et
1146 2640 1178 2672 eo
1200 2621 1309 2688 reduci,
1328 2638 1357 2675 ut

305 2697 378 2751 modi
406 2698 530 2750 feminam
555 2695 648 2748 domus
673 2697 806 2749 habuerit.
853 2699 929 2750 lamae
944 2699 1147 2767 sueconsulat,
1162 2701 1356 2753 necvivattur-

302 2779 370 2830 Cum
387 2775 491 2829 facibus
507 2789 627 2827 cantasse
643 2778 755 2846 juvenes
774 2776 807 2827 ad
852 2781 913 2848 pior
930 2777 1081 2832 hominihus
1101 2779 1179 2850 hujus
1199 2782 1281 2833 etatis
1299 2799 1356 2833 cor·

304 2856 448 2908 amicarum
469 2851 577 2917 limina,
594 2855 667 2906 testis
689 2869 728 2906 est
748 2857 807 2907 Per·
853 2859 1028 2928 ruptissimis,
1054 2861 1157 2930 turpior
1186 2861 1242 2930 ipsa
1268 2860 1357 2912 mculi

304 2935 372 2997 sius,
382 2944 430 2984 sat.
443 2934 476 2999 V,
493 2931 540 2998 164
553 2950 611 3004 sqq.
854 2940 894 2990 sni
904 2937 1015 2991 luxuria.
1028 2963 1039 2988 ι
1055 2939 1107 2992 Sed
1120 2955 1315 3004 commentum,
1327 2954 1356 2991 nt

338 3029 364 3082 9.
374 3009 520 3081 Defendere
535 3022 620 3064 noctes
633 3011 746 3082 infames
760 3015 807 3067 tlo-
852 3017 940 3081 vides,
961 3019 1024 3070 satis
1044 3015 1157 3070 liberum
1178 3033 1232 3082 est,
1253 3021 1280 3068 in
1300 3035 1354 3088 quo

302 3093 397 3156 mine,
419 3089 523 3143 dativus
542 3109 638 3154 casus;
661 3109 676 3144 a
700 3091 807 3146 domina
853 3117 901 3150 nec
918 3096 1076 3150 haberemus
1092 3117 1141 3169 pro
1160 3107 1186 3148 et
1200 3097 1353 3166 repositum.

303 3169 368 3224 tales
378 3183 471 3224 noctes
485 3189 584 3224 arcere.
596 3175 634 3224 Ita
649 3171 749 3226 videbis
762 3175 827 3226 ad-·
853 3177 1033 3242 boehmari,
1059 3177 1179 3247 spurium
1208 3173 1354 3244 interpola·

304 3263 431 3302 structum
445 3249 583 3321 defendere
602 3251 668 3324 eleg.
689 3269 736 3319 ao,
756 3272 806 3323 7-
854 3269 963 3328 tumque
979 3252 1111 3306 distichon
1122 3251 1283 3324 J'udicantis,
1297 3269 1354 3302 arn-

306 3346 353 3392 rt;
373 3327 445 3399 apud
463 3329 553 3400 virgil.
575 3329 660 3402 eclog.
679 3334 741 3398 Vll,
757 3335 807 3401 473
853 3333 956 3404 plector
964 3335 1118 3384 sententiam
1126 3368 1135 3394 ,
1148 3329 1199 3382 hac
1210 3333 1354 3401 prasertim

302 3410 394 3460 Horat.
407 3407 494 3459 Carm.
510 3410 533 3476 1,
552 3425 596 3478 17,
610 3410 636 3461 3.
646 3411 806 3476 -Nohilis‚
852 3414 954 3463 ratione
966 3410 1076 3470 ductus,
1090 3409 1162 3481 quod
1174 3410 1229 3462 Has
1238 3410 1306 3460 inter
1317 3429 1353 3462 vs.

302 3488 405 3541 famosa
418 3507 467 3558 ego
478 3489 572 3542 tradita
583 3489 721 3559 (obnoxia,
733 3491 807 3562 data)
855 3491 902 3556 13,
917 3493 938 3542 si
952 3492 1088 3560 interjecta
1103 3509 1133 3542 ea
1148 3488 1282 3560 legantur,
1299 3511 1353 3544 non

303 3569 423 3622 obscenis
453 3571 597 3621 amantium
627 3571 805 3636 camisiles,
851 3569 948 3639 poterit
954 3569 1009 3637 jam
1023 3566 1057 3618 ad
1072 3579 1157 3620 noctes
1171 3569 1270 3620 referri.

303 3643 461 3712 cantilenis,
481 3647 577 3720 quibus
595 3662 741 3718 provocant
763 3648 805 3699 isti
891 3645 930 3696 t3.
952 3645 1007 3698 Has
1022 3647 1105 3711 inter,
1121 3660 1170 3698 ete.
1188 3646 1321 3700 Turbatus
1339 3667 1355 3701 a
1439 3689 1449 3702 .

304 3725 438 3780 dominam
459 3745 554 3780 meam.
572 3725 675 3780 Nobilis
694 3725 804 3794 tradita,
851 3723 1016 3776 Broulthnsio
1035 3725 1126 3792 locus,
1145 3745 1222 3798 quem
1236 3727 1272 3778 ita
1291 3730 1354 3780 sori·

304 3803 355 3858 hoe
373 3819 427 3870 est,
443 3803 539 3857 nobilis
555 3806 620 3875 quia
640 3801 744 3857 tradita.
766 3806 805 3856 De
850 3818 925 3876 ptntn
940 3803 1013 3856 editt.
1029 3805 1170 3858 exhibent:
1184 3807 1269 3861 attoec
1284 3810 1354 3860 inter

305 3883 436 3955 adjectitro
456 3885 506 3936 hoo
521 3883 629 3948 nobilis,
648 3902 708 3936 cum
722 3881 805 3936 dede·
850 3883 971 3954 gravibus
1001 3903 1081 3956 coqor
1112 3885 1208 3940 deflere
1240 3885 1353 3960 querelis

305 3967 373 4016 coris
391 3981 483 4030 sensu,
502 3963 669 4015 Burmannus
688 3962 752 4015 dixit
772 3962 806 4015 ad
851 3962 982 4036 Supplicis
993 3965 1044 4017 ah!
1062 3965 1154 4040 longas
1168 3967 1265 4020 tristior
1278 3985 1354 4018 exou-

303 4039 412 4094 Anthol.
436 4044 494 4095 Lat.
513 4055 576 4095 tons.
594 4043 636 4110 11,
658 4060 719 4114 paq.
745 4041 804 4097 500.
851 4042 956 4096 blase»
980 4046 1082 4099 interea
1108 4044 1234 4118 supplicis
1255 4043 1352 4097 deflere
