3116 4756
578 332 759 398 nuncii
780 333 857 399 xx.
1179 340 1246 427 239
1280 373 1285 388 ·

242 461 326 528 Ossa
338 459 397 527 tibi
407 455 485 554 juro
496 483 560 552 per
571 461 687 528 matris
700 477 735 529 et
746 483 825 528 osse
836 464 1003 553 parentis,
1214 482 1244 533 15

288 571 322 640 Si
333 567 427 652 lello,
442 569 605 653 cinisheu
620 572 665 638 sit
677 569 760 638 mihi
773 587 917 666 uterque
928 575 1056 664 gravisi

241 683 298 749 Me
309 680 370 748 tibi
382 678 427 748 ad
438 699 604 749 extremas
618 703 836 764 mensurum,
851 683 937 764 vita,
951 682 1125 752 tenebras:

288 791 414 861 Ambos
427 817 497 861 uno
506 792 591 862 lides
601 793 750 875 auferet,
763 817 833 860 una
843 790 926 862 dies.

185 897 191 912 ⁸
241 902 341 990 Quod
353 907 381 972 si
393 927 456 974 nec
464 929 604 988 nomen,
617 927 682 972 nec
694 929 749 972 me
760 922 818 974 tue
830 905 939 974 forme
949 921 1093 990 teneret,

287 1017 403 1084 Posset
414 1019 588 1084 servitium
601 1017 684 1100 mite
696 1031 811 1086 tenere
823 1031 933 1084 tuum.

240 1129 386 1220 Septima
396 1123 468 1220 jem
479 1126 590 1222 plenae
601 1127 779 1196 deducitur
791 1127 899 1195 orbite
911 1126 1016 1212 lunae,

286 1242 401 1325 Quum
413 1237 455 1306 de
467 1263 522 1307 me
534 1255 568 1306 et
581 1239 624 1306 de
636 1256 668 1306 te
680 1241 827 1332 compita
838 1231 932 1305 nullu¹
944 1257 1075 1308 tacent:

241 1349 374 1415 Interea
385 1347 483 1418 nobis
493 1373 565 1417 non
576 1366 764 1444 numquam·
773 1347 879 1442 janua
890 1347 1019 1434 mollis,

287 1462 362 1526 Nou
373 1481 560 1552 numquam
573 1457 651 1526 lecti
666 1460 761 1551 copia
774 1459 862 1525 factu
874 1461 934 1526 tui.

239 1569 309 1634 Nec
319 1564 403 1634 mihi
414 1567 612 1636 muneribus
625 1589 693 1634 nox
706 1564 778 1633 ulle
789 1583 841 1634 est
852 1583 942 1634 emta
954 1566 1060 1636 beatis
1073 1593 1080 1634 :
1210 1585 1244 1638 25
1297 1572 1300 1580 ’

286 1677 457 1772 Quidquid
471 1703 579 1760 eram,
591 1676 657 1748 hoc
668 1679 773 1746 enimi
786 1679 891 1771 gratia
903 1703 1025 1772 magna
1040 1681 1100 1748 tui.

238 1789 354 1875 Quom
366 1805 399 1856 te
411 1807 478 1856 tem
489 1789 587 1856 multi
599 1804 767 1882 peterent,
781 1805 818 1855 tu
830 1811 885 1856 me
898 1813 965 1856 unu
978 1792 1101 1883 petisti.

287 1903 428 1967 Possum
439 1924 500 1990 ego
512 1917 642 1968 naturae
654 1923 725 1966 non
735 1901 931 1967 meminisse
945 1904 1036 1968 tuce?

239 2013 337 2078 'l'unc
349 2033 405 2078 me
416 2009 470 2078 vel
481 2011 615 2104 trnflicae
625 2013 752 2079 vexetis
766 2013 951 2104 Erinnyes‚
965 2030 1000 2078 et
1008 2035 1063 2079 me

193 2216 358 2282 constantio,
373 2213 454 2281 fidet,
473 2230 503 2268 ut
522 2215 613 2268 leuitas
627 2234 694 2267 con·
740 2225 784 2266 net
795 2215 907 2267 Olinoue
919 2213 1018 2266 fallenti
1029 2227 1101 2266 costa
1111 2216 1241 2276 marito„
1301 2249 1303 2254 -

193 2295 274 2344 trurio
288 2311 364 2346 sensu
379 2293 484 2346 dicitur.
738 2292 916 2365 Flaccumque
927 2293 1058 2345 Valerium
1070 2296 1106 2358 ll,
1121 2295 1184 2360 138,
1198 2297 1244 2368 qui

233 2371 272 2423 15.
283 2373 343 2426 Ossa
356 2373 478 2445 tibijuro,
489 2384 540 2424 etc.
550 2374 635 2423 Puero
646 2369 695 2424 sibi
740 2373 773 2425 de
787 2371 841 2425 lida
852 2375 1016 2445 Eurynome:
1030 2397 1041 2419 ι
1052 2385 1140 2424 munet
1151 2371 1195 2426 illu
1207 2376 1245 2427 ui·

192 2461 295 2520 putrem
312 2465 433 2522 ereptum
452 2471 525 2518 esse,
544 2452 695 2520 Propertius
739 2452 1240 2524 ro‚lemulesqueintigotVelleribus.·

193 2527 273 2582 docet
285 2531 337 2596 IV,
355 2547 383 2596 1,
401 2547 447 2600 ¹²7
460 2549 499 2603 sq.
510 2553 517 2594 ;
529 2528 622 2582 eodem
637 2547 696 2581 cur-
777 2549 819 2584 20.
833 2531 973 2584 Servitium
989 2533 1052 2583 mite
1070 2543 1161 2596 tuum,
1180 2551 1246 2584 con-

193 2607 280 2674 mine,
291 2626 331 2660 vs.
349 2607 412 2676 132,
428 2622 539 2662 matrem
557 2605 643 2659 adhuc
657 2609 696 2658 vi·
741 2609 808 2668 ditio
820 2611 901 2676 mitis,
910 2629 989 2682 quarn
1002 2625 1030 2662 tu
1040 2610 1104 2662 lucis
1113 2613 1244 2664 servienti.

191 2703 252 2738 vam
260 2685 397 2764 halpuissc,
406 2707 488 2758 quum
496 2687 596 2740 virilem
605 2699 696 2757 togam
778 2707 820 2742 nr.
834 2689 1013 2762 Septimajam
1024 2689 1110 2761 plenu
1122 2689 1193 2742 lunoe
1203 2709 1246 2742 or-

193 2780 324 2830 sumeret,
336 2766 388 2820 hoc
399 2781 454 2834 est,
470 2770 552 2820 oeratis
568 2785 638 2818 anno
655 2766 694 2818 16.
741 2770 794 2821 bita
805 2769 955 2833 deducitur,
969 2771 1098 2840 septimus
1106 2770 1162 2839 jam
1174 2789 1246 2822 rnen-

193 2844 341 2911 Ceterum,
362 2843 440 2917 digna
458 2863 499 2898 res
514 2855 553 2898 est
572 2842 697 2896 observa·
742 2851 777 2900 sis
790 2840 845 2916 est',
860 2866 942 2921 quum
958 2847 1041 2898 deme
1054 2847 1121 2898 etde
1134 2859 1158 2899 te
1172 2847 1247 2901 nulla

193 2921 282 2988 tione,
300 2935 415 2974 veterem
433 2921 504 2974 illum
522 2919 631 2993 jurandi
649 2939 698 2992 per
742 2929 970 3000 tacenrcompira,
987 2947 1017 2980 ex
1035 2947 1088 3000 quo
1103 2931 1165 2981 satis
1179 2947 1245 2980 eau-

194 3001 295 3056 ciueres
311 3017 452 3074 parentum
464 3003 505 3055 vel
520 3015 642 3056 natorum
655 3021 698 3055 ce-
741 3020 780 3060 tnt
809 3026 856 3077 per
886 3006 978 3058 urbem
1006 3025 1097 3056 rumor
1119 3005 1246 3076 publicus

194 3096 244 3156 put
265 3083 405 3137 formulam
428 3082 591 3155 deprehendi
606 3103 699 3156 super-
742 3103 846 3138 amores
859 3097 975 3148 nostros,

195 3163 283 3216 etitem
307 3163 347 3218 his
365 3165 428 3231 ipsis
453 3162 548 3216 dicbus
568 3164 596 3214 iu
625 3181 696 3230 usn,
778 3163 820 3218 25.
833 3161 1177 3235 Beatis,lurgis,opulentit
1190 3183 1248 3216 mu·

195 3245 290 3296 scortis
302 3243 438 3296 vilioribus
448 3241 627 3314 peculiarem,
641 3260 697 3314 qun
742 3244 852 3296 neribus.
867 3273 900 3282 -
918 3242 1052 3314 Quidquid
1068 3239 1159 3308 eram,
1171 3243 1248 3316 quid-

194 3323 325 3376 Lutetiam
344 3339 461 3377 nostrum
479 3325 613 3376 infestant.
632 3322 698 3375 Vide
743 3322 808 3394 quid
822 3320 887 3373 milri
905 3321 1038 3376 felicitatis
1055 3324 1182 3390 contigit,
1199 3321 1248 3375 lroc

195 3421 327 3474 nuperum
344 3403 440 3456 librum
461 3405 590 3474 insignem
613 3403 699 3456 tordi-
742 3400 828 3452 animi
838 3401 877 3451 tui
882 3399 969 3472 qratia
982 3413 1053 3465 eret,
1063 3399 1116 3453 hoc
1127 3415 1156 3451 tu
1168 3399 1247 3452 bene-

195 3481 260 3551 hut,
274 3486 318 3536 cni
330 3484 438 3550 titulus,
456 3485 594 3535 Mdmoires
608 3482 639 3535 de
652 3481 699 3537 Vi·
742 3478 820 3546 colu,
833 3477 885 3531 hoc
901 3489 930 3530 tu
944 3477 1027 3530 libens
1044 3479 1196 3531 consedisti.
1209 3481 1247 3532 De

195 3563 277 3636 docq,
292 3578 357 3616 tom.
378 3565 432 3626 111,
454 3581 514 3632 pag.
537 3563 585 3630 187
605 3579 643 3634 sq.
663 3591 700 3601 -
742 3556 879 3611 locutione
892 3554 943 3608 hac
962 3557 1096 3629 Quidquid
1108 3555 1249 3608 erumvids

195 3640 361 3704 Versiculum
371 3643 401 3696 Si
406 3640 494 3714 sallo,
505 3655 555 3694 etc.
567 3641 647 3712 signis
657 3641 699 3693 in·
742 3649 798 3688 not.
813 3636 846 3688 ed
860 3633 925 3706 eleg.
939 3637 988 3699 25,
1001 3635 1044 3686 36.

197 3718 481 3790 cludeparentheneos.
780 3715 823 3768 28.
847 3714 964 3777 Natura,
986 3709 1105 3776 indoles,
1123 3729 1248 3764 mantue·

237 3813 277 3868 17.
292 3799 338 3850 dle
355 3799 401 3849 tibi
415 3817 575 3852 mausumm.
589 3797 700 3851 Manere
744 3791 809 3846 tudo
824 3793 852 3844 in
865 3811 906 3844 1¹¹⁰
919 3805 971 3845 ¹¹1³·

197 3875 281 3929 alicui
301 3895 351 3948 pro
374 3876 455 3929 alicui
474 3896 573 3930 servare
593 3875 700 3950 fidem
781 3867 1250 3940 29.Tuuc,sifieripoterononme-

199 3953 273 4026 quod
293 3951 417 4026 exemplis
433 3953 518 4006 firmat
531 3953 564 4006 nd
579 3956 645 4026 eleg.
665 3973 702 4025 9,
745 3969 812 4002 mor.
826 3946 1014 4018 Lachmannus
1035 3946 1111 3998 Tum.
1131 3946 1198 3999 Vide
1216 3949 1250 4000 ad

199 4035 230 4099 8,
242 4031 443 4098 heumannus,
458 4031 581 4086 Ovidium
594 4052 703 4105 compu—
745 4032 774 4094 l,
788 4047 818 4100 7,
836 4045 878 4078 nt.
887 4055 923 4064 -
932 4027 1062 4096 Erinoyes
1074 4027 1189 4098 tropice,
1202 4029 1251 4080 ru-

199 4131 260 4166 rant
279 4109 406 4165 Heroidd.
422 4113 461 4180 V,
483 4110 532 4163 133
549 4133 555 4162 ι
575 4112 630 4162 «Δι
645 4129 703 4163 ma·
749 4110 791 4160 rie
802 4105 935 4172 vindices,
947 4106 1248 4179 introgrediispcrsone,
