3116 4756
296 347 361 414 262
593 347 855 414 PROPERTII
879 349 968 416 ΗΒ.
994 352 1040 416 11.

339 479 407 541 Ista
419 473 503 540 meis
516 469 575 540 fiet
586 473 760 550 notissima
771 472 878 551 forma
888 473 1026 564 libellis,

383 580 501 664 Calue,
513 597 573 649 tue
585 583 700 666 venia,
713 605 812 674 pace,
824 581 970 670 Catulle,
982 599 1051 654 tua.

337 689 435 760 Miles
447 689 606 783 depositis
612 711 765 762 *annosus
780 691 918 766 secubat
928 697 1047 779 amis,

384 800 901 896 Grandaeviquenegant'ducere
909 799 1156 892 erauabovest

338 913 448 980 Putris
464 927 497 980 et
510 913 545 980 in
559 935 664 980 vacua
675 915 854 1007 requiescit
864 917 958 984 nevis
972 940 1090 1000 arena,

385 1023 428 1088 Et
442 1037 537 1090 vetus
550 1023 585 1090 in
597 1021 723 1115 templo
734 1021 854 1091 bellica
866 1048 983 1116 parma
997 1041 1110 1095 vacat:

196 1123 198 1130 ⁴
338 1139 380 1228 At
391 1157 446 1201 me
457 1133 500 1202 ab
512 1157 626 1233 amore
642 1152 699 1203 tuo
710 1132 847 1204 diducet
857 1136 952 1206 nulla
963 1155 1136 1223 senectus,

308 1233 309 1238 ἵ
385 1245 531 1336 Siveego
542 1243 726 1329 Tithonus,
739 1247 809 1313 sive
823 1269 885 1338 ego
897 1253 1097 1326 Nestorem,
1309 1275 1345 1314 ιο

339 1356 459 1423 Nonne
470 1354 535 1422 fuit
545 1356 648 1422 satius
660 1354 746 1422 duro
758 1360 884 1426 servire
897 1376 1057 1454 tyranno,

291 1499 358 1552 meis
369 1500 414 1553 fiet
424 1503 558 1554 notissima
568 1502 653 1558 forma
662 1501 770 1570 libellis,
780 1525 792 1552 ι
859 1526 967 1579 erquam
976 1521 1045 1560 notoe
1056 1505 1224 1561 formnlae.—
1231 1505 1340 1576 caten,

292 1579 355 1652 qnid
364 1581 465 1632 faciunt
477 1580 512 1633 ad
523 1583 637 1652 primum
647 1581 796 1635 distichon?
839 1523 938 1638 licinia
947 1601 1024 1657 gente
1035 1601 1123 1654 ortus,
1133 1585 1228 1638 Catulli
1238 1605 1341 1644 coaevue

291 1658 363 1712 Nihil
375 1661 507 1730 profecto.
518 1662 609 1729 Quare
623 1660 694 1714 aliud
705 1663 795 1730 potius
840 1677 866 1717 et
879 1668 977 1719 amicus
986 1707 995 1735 ,
1005 1665 1105 1739 duplici
1115 1667 1228 1718 oratoris
1239 1684 1271 1718 ec
1281 1685 1344 1737 poe-

292 1759 308 1792 e
331 1737 460 1792 Codicum
485 1741 615 1810 scrlpturu
637 1739 796 1792 eliciendum
839 1756 872 1795 te
887 1745 956 1796 ieme
968 1747 1093 1816 insignis,
1106 1745 1261 1813 Quintilian
1270 1743 1345 1817 puel·

293 1832 350 1883 est,
366 1821 413 1890 qui
429 1818 528 1870 habent
544 1837 636 1882 omnes
651 1819 780 1872 nectutis
786 1858 797 1888 ,
841 1823 893 1874 lam
912 1823 1091 1878 celebraverat
1110 1825 1245 1886 amatoriis
1263 1825 1344 1879 versi·

294 1913 320 1952 et
335 1901 363 1950 in
374 1901 426 1952 fine
437 1919 526 1953 versus
539 1899 700 1972 oeni,quod
711 1911 798 1964 tamen
842 1901 901 1966 bus.
924 1901 991 1956 Vide
1011 1895 1107 1955 Catull.
1133 1903 1219 1956 Ceu-m.
1244 1902 1343 1968 xcv1;

294 1991 412 2051 spretum
429 1993 573 2042 amatorem
585 1999 639 2030 non
652 1977 736 2031 decet.
747 1981 799 2032 tte-
843 1985 961 2052 Propert.
974 1981 1073 2048 11,3l,
1086 1982 1120 2052 89
1130 1998 1171 2054 sq.

293 2075 388 2130 ponor
407 2059 656 2111 rUnicanatamen
671 2058 799 2131 pulcher·
879 2059 904 2111 5.
925 2059 1051 2126 Secubat,
1072 2061 1152 2111 misso
1169 2057 1344 2112 contubernio

293 2142 431 2192 rimacure
438 2137 526 2191 dolori
535 2139 663 2210 (Erclndi
672 2141 799 2210 quoniam
844 2137 916 2191 solue
930 2137 1017 2190 cubat.

289 2220 349 2292 fors
366 2239 425 2272 meu
448 2238 518 2291 soepe
535 2220 623 2291 vehit)
633 2259 643 2287 ,
662 2222 714 2273 Ista
735 2221 799 2274 meis
880 2234 904 2288 7.
918 2217 1006 2270 Putris
1017 2217 1104 2282 mois,
1117 2225 1167 2269 usu
1178 2217 1346 2289 longapete-

295 2297 340 2350 fiet
350 2299 487 2354 notissima
498 2297 800 2368 formalibeliis,Calve,
844 2299 1026 2350 aa-Parma
1034 2308 1105 2349 uetus
1118 2299 1147 2350 in
1157 2295 1254 2368 templo
1262 2307 1345 2351 vacat.

295 2387 342 2428 tua
366 2379 460 2439 reuia3
480 2395 561 2448 pace,
581 2375 700 2442 Catulle,
719 2391 796 2430 mu.-
845 2377 939 2441 Arma,
950 2387 980 2427 ut
991 2377 1102 2440 scimus,
1114 2389 1215 2428 veteres
1227 2376 1347 2430 defuncti

210 2456 212 2466 '
295 2453 412 2527 Cynthiae
428 2457 560 2522 formam,
575 2457 699 2524 unicam,
718 2473 801 2529 quum
844 2451 1345 2515 helloconsecrabautdiis.Vexilltnoe

295 2537 374 2588 toties
389 2534 557 2601 excludatur,
573 2535 672 2590 doloris
686 2537 729 2588 sui
742 2555 801 2588 me„
846 2534 873 2584 in
889 2533 994 2604 templis
1007 2531 1207 2604 suspendimus,
1220 2551 1347 2587 caesorum

295 2614 411 2668 dicinam
423 2616 620 2680 suavissimam,
635 2633 663 2666 se
676 2617 800 2668 carmini-
845 2611 961 2664 hostium
969 2610 1196 2684 detrectarpoiia,
1205 2612 1347 2667 abhorrere

295 2695 346 2747 bus
360 2696 415 2746 suis
432 2713 515 2766 usque
529 2692 722 2746 celebraturum
736 2713 801 2766 pro·
845 2691 995 2746 dictitantes
1017 2689 1151 2746 Christum
1173 2692 1252 2745 deum
1276 2693 1347 2748 bello

296 2772 385 2824 mittit.
399 2773 543 2824 Fortunam
562 2769 604 2822 vel
616 2769 716 2841 fortem
733 2770 801 2824 illud
845 2783 870 2822 et
880 2772 1018 2842 sangnine,

296 2851 473 2906 infortunium
480 2841 573 2902 vehere
579 2848 657 2916 dicit,
667 2849 693 2901 h.
704 2869 727 2902 e.
738 2850 802 2904 dare
882 2867 908 2920 9.
920 2848 1038 2904 Diducet.
1053 2855 1092 2906 Ita
1110 2853 1235 2924 scriptum
1250 2853 1278 2904 in
1294 2851 1348 2904 Cu-

297 2927 337 2982 vei
354 2928 456 2981 adferre
471 2927 529 2980 sibi.
547 2930 586 2980 Ita
600 2930 738 2982 Lueretius
750 2931 802 2999 111,
835 2926 950 2981 'dicibus
960 2932 1061 3001 paucio.
1074 2933 1225 2984 Lectionem
1238 2949 1294 2994 esse
1303 2947 1348 2982 re-

303 3005 368 3078 1098
384 3027 391 3060 ι
413 3010 599 3080 «Posteraque
616 3011 645 3061 in
662 3007 745 3062 dubio
762 3022 803 3062 est
846 3026 902 3060 ram
910 3007 996 3072 banc,
1009 3011 1187 3076 nondeducet,
1198 3011 1348 3063 monuimus

193 3157 196 3162 Ι
298 3089 435 3140 fortunam
453 3104 533 3160 quam
552 3086 803 3140 veinatains-Ho-
847 3088 883 3142 ud
895 3088 1275 3162 eleg.6,4r.-Siue.Vide
1290 3103 1347 3142 not.

299 3169 395 3234 retius,
407 3167 493 3220 Corin.
503 3167 553 3232 ΙΙΙ,
568 3183 615 3236 ι9,
630 3166 683 3233 48ι
698 3166 801 3236 «Quod
847 3169 881 3222 ad
898 3171 963 3241 eleg.
989 3187 998 3222 t
1014 3206 1024 3237 ,
1045 3171 1087 3224 51.
1104 3198 1140 3210 -
1155 3171 1274 3221 Imitatur
1294 3169 1348 3221 No-

301 3246 406 3317 fugiens
431 3244 511 3298 semel
538 3245 606 3298 hora
635 3247 712 3299 vexit.
731 3270 743 3294 ι
766 3273 803 3287 -··
847 3263 929 3302 strum
945 3249 1070 3315 Ovidius,
1092 3247 1294 3301 sensu'diveruo
1308 3247 1348 3303 loe

298 3325 400 3396 Aperta
415 3327 546 3379 sententie
561 3324 671 3396 quidem
689 3337 714 3378 et
732 3339 804 3378 reeta
848 3345 945 3399 quens,
958 3325 1060 3378 Amore.
1073 3327 1113 3392 11,
1124 3345 1154 3396 9,
1175 3341 1220 3395 19:
1233 3328 1349 3380 aFeesus

299 3403 343 3455 hic
355 3404 461 3470 omniu,
477 3404 499 3456 si
512 3402 546 3455 de
561 3403 724 3458 Lachmanui
742 3419 805 3455 con-
848 3406 876 3457 in
889 3417 1012 3476 acceptos
1022 3404 1095 3456 miles
1106 3403 1244 3456 deducitur
1253 3421 1350 3474 agroue

296 3483 803 3556 jecturuscribimnsrreponeretamen
848 3485 962 3539 Mittitur
987 3487 1014 3537 in
1037 3486 1118 3538 saltus
1151 3503 1254 3538 carcere
1283 3483 1350 3540 liber

299 3563 374 3636 apud
391 3577 526 3616 auctorem
546 3566 634 3636 ipsum
647 3583 703 3616 non
719 3564 804 3615 entim
848 3575 947 3636 equnt;
967 3565 1112 3636 Longeque
1130 3562 1289 3625 subductum
1308 3583 1351 3617 ce·

300 3643 374 3716 quod
387 3655 441 3695 tarn
455 3642 568 3695 liberum
578 3655 626 3695 est.
640 3641 735 3694 iudice
748 3661 805 3710 me,
847 3641 904 3694 lant
917 3641 1019 3694 navalia
1036 3645 1145 3713 pinum;
1161 3643 1286 3714 Tutaque
1304 3643 1350 3695 de·

299 3723 380 3777 lectio
399 3722 534 3776 tenebitur
556 3737 699 3793 corrupta,
721 3741 804 3794 qurum
847 3723 936 3795 posito
957 3724 1076 3795 poscitur
1101 3741 1163 3777 ense
1182 3723 1278 3776 rudis:
1305 3725 1350 3777 Me

300 3801 426 3856 exhibent
439 3801 567 3867 Codicee;
584 3803 735 3856 criticorum
745 3815 804 3855 ten·
849 3819 966 3874 qnoque,
973 3803 1018 3874 qui
1025 3803 1102 3854 toties
1113 3804 1196 3855 merui
1203 3802 1252 3855 enh
1260 3821 1351 3856 umore

300 3879 443 3934 teminibus
462 3881 597 3952 quibusvis
617 3879 710 3934 haberi
724 3881 803 3934 fidem
847 3877 954 3952 puelle,
968 3880 1131 3934 Defunctum
1146 3880 1250 3954 placide
1264 3883 1350 3936 rivere

299 3957 344 4012 hic
353 3957 453 4011 nullam
464 3959 583 4014 dicemus
595 3979 682 4032 poete.
696 3991 731 4003 -
744 3963 803 4015 Tua
848 3973 952 4031 tempus
966 3973 1030 4014 erat.
1044 3983 1056 4010 ι

301 4038 391 4106 venia,
401 4057 468 4110 paee
477 4049 532 4094 tua.
547 4041 730 4095 Excusationis
742 4052 803 4093 sunt
886 4053 926 4090 ιι.
938 4039 1099 4112 Nounefuit
1107 4039 1185 4094 satire
1195 4037 1288 4113 (qnam
1301 4056 1351 4092 ser·
