3132 4756
576 299 773 366 onauun
798 298 861 363 v1.
1176 295 1242 384 ³09

289 433 361 498 Hoc
372 451 496 510 unum,
506 422 603 518 jusso
613 450 681 492 non
694 427 857 492 moritura
869 421 934 490 die.

243 543 284 609 Di
296 539 434 608 melius!
449 552 596 632 quantus
608 535 731 603 mulier
742 535 829 602 foret
839 556 908 601 una
921 531 1127 626 triumphus,
1209 543 1244 598 65

288 654 416 717 Ductus
428 663 501 716 erat
512 669 573 741 per
589 669 674 741 quas
686 661 764 713 ante
776 642 942 736 Iugurtha
953 644 1042 710 vias!

242 762 356 829 Actius
368 759 447 826 hinc
458 761 560 826 traxit
572 755 716 824 Phoebus
729 770 966 837 monumenta,
979 753 1072 849 quod
1085 751 1158 847 ejus

290 875 367 937 Una
379 866 496 940 decem
506 868 586 934 vicit
596 867 698 934 missa
711 867 830 958 sagitta
842 881 941 932 rates.

245 977 337 1048 Bella
349 980 430 1046 satis
442 979 549 1046 cecini
563 1001 571 1042 ι
586 975 749 1044 citharam
757 973 827 1068 jam
839 976 947 1067 poscit
957 971 1077 1065 Apollo

293 1093 418 1173 Victor,
432 1105 467 1156 ct
477 1086 521 1156 ad
533 1085 681 1180 placidos
693 1088 784 1153 exuit
797 1107 891 1152 arma
904 1082 1036 1151 choros.
1214 1113 1247 1164 7⁰

244 1195 395 1266 Candida
406 1219 497 1264 nuno
509 1193 604 1263 molli
615 1193 759 1262 subeant
769 1195 923 1261 convivia
934 1191 1028 1274 luco,

292 1307 532 1403 Blanditiaeque
544 1306 653 1376 fluant
664 1330 725 1400 per
736 1321 810 1374 me'a
822 1303 909 1374 colla
921 1328 1022 1386 rosae3

202 1472 245 1527 25.
256 1501 291 1512 -
301 1471 358 1524 Hoc
372 1490 454 1523 unum
464 1509 473 1538 ,
480 1473 554 1544 jusso
564 1489 618 1525 uon
627 1473 704 1522 mori·
748 1469 966 1543 publicatamque
981 1489 1051 1522 anno
1070 1469 1135 1540 726,
1151 1467 1184 1520 de
1197 1487 1249 1539 quo

200 1561 260 1604 tura
271 1550 328 1613 dt‘c,·
343 1549 441 1603 felixin
455 1548 613 1614 hocoolum,
630 1547 703 1620 quod
749 1549 848 1602 Noster
870 1567 907 1601 vs.
929 1566 1020 1602 11.-
1040 1548 1115 1618 Quod
1131 1551 1183 1620 ejus
1197 1565 1251 1598 uuo

201 1650 258 1684 non
282 1631 410 1684 moritura
430 1641 499 1683 earet
523 1629 631 1681 decreto
651 1625 703 1680 die.
749 1628 1014 1702 sapittuvicitdecem
1029 1639 1102 1680 rates.
1116 1625 1251 1696 Frigidum

201 1711 289 1763 Jusrut
297 1709 366 1776 dies,
378 1707 434 1760 dles
447 1727 524 1780 quem
536 1707 643 1760 volebat
653 1709 707 1758 Au·
751 1726 858 1779 prorsus
865 1711 1000 1778 ingenium
1009 1719 1104 1779 poete,
1112 1725 1166 1779 quo
1177 1719 1252 1758 tanto

201 1801 308 1858 gustui,
318 1785 436 1853 licceat,
446 1785 581 1857 triumphi.
751 1786 811 1858 plus
821 1788 878 1857 ipse
887 1786 1003 1858 Apollini
1014 1785 1143 1850 detrabit,
1153 1795 1252 1857 quanto

233 1863 277 1918 65.
286 1864 322 1915 Di
331 1863 440 1915 meliust
449 1876 500 1916 etc.
510 1866 566 1915 Hoc
573 1861 707 1916 distichon
751 1863 811 1936 plut
823 1875 934 1916 conatur
947 1865 1089 1934 majestatie
1102 1863 1207 1916 addere.

204 1943 292 1995 multis
302 1943 401 1994 ironice
411 1942 511 1995 dictum
520 1942 639 1994 videtur:
654 1943 708 1993 «Di
788 1961 830 2014 7¹·
846 1945 963 1996 Candida
978 1963 1047 1996 nunc
1061 1945 1165 1998 otbeont
1178 1942 1255 1995 molli

204 2018 447 2072 meliuslecerunt:
461 2021 708 2091 quamturpitenim
729 2013 813 2074 'luco
839 2023 966 2074 conuiuia.
992 2024 1104 2088 Sabim,
1128 2037 1159 2074 ut
1183 2021 1254 2094 apud

205 2109 232 2152 et
240 2095 364 2165 indignus
374 2098 481 2149 nomine
491 2099 610 2148 Romano
619 2101 710 2150 trium·
753 2102 904 2172 Virgilium,
917 2104 973 2152 AEn.
985 2104 1063 2166 v111,
1088 2103 1135 2154 125
1147 2123 1153 2151 z
1171 2126 1183 2148 ι
1194 2107 1256 2153 Pro·

204 2177 293 2252 phos,
310 2178 338 2228 in
359 2193 414 2248 quo
433 2173 540 2242 mulier,
559 2191 634 2230 etc·
658 2175 709 2228 Sed
754 2178 1257 2250 gressisubwntlucmfluviumquere·

206 2259 243 2308 ita
260 2255 367 2326 quidem
378 2257 466 2326 inepte
487 2252 583 2306 addere
600 2257 711 2326 Propen-
755 2255 909 2328 linquunt·
926 2256 1123 2311 Conuiuio'lueo
1133 2259 1255 2325 roboant,

206 2338 272 2390 tium
289 2353 369 2388 uuam
386 2334 539 2400 mulierem,
555 2353 609 2386 nou
624 2347 710 2387 atten-
756 2352 813 2405 quc
827 2335 949 2386 feruntur
962 2337 989 2386 iu
1001 2335 1143 2404 lucum‚ut
1152 2337 1258 2409 spatiari

207 2415 281 2468 dunt.
301 2411 392 2468 lrnmo'
403 2437 409 2466 ε
430 2438 442 2463 ι
452 2417 484 2466 ΙΙΙ
493 2414 587 2467 melius
598 2414 710 2467 vellent!
755 2427 782 2466 et
793 2413 830 2465 ire
843 2413 953 2466 dicimus
963 2432 1101 2486 pompant,
1115 2433 1171 2486 qute
1182 2413 1258 2466 duci·

207 2498 303 2549 femina
312 2495 413 2549 velum
423 2513 502 2566 quant
510 2495 613 2568 insigne
621 2495 712 2546 trium-
756 2506 800 2545 tur
811 2491 881 2564 (vide
892 2494 943 2556 ΙΙΙ,
958 2510 1003 2558 ιι,
1018 2493 1072 2563 37).
1084 2494 1200 2547 Candida
1209 2512 1259 2545 au·

207 2575 256 2646 phi
270 2589 454 2628 ornamentum
469 2587 542 2638 erat,
559 2575 581 2627 oi
595 2593 643 2645 per
654 2591 712 2625 eae·
755 2585 809 2625 tem
827 2573 962 2638 conuiuia,
979 2575 1035 2644 qud
1053 2571 1086 2623 de
1102 2590 1174 2624 ruore
1191 2571 1258 2624 cele·

209 2653 270 2706 dem
299 2652 370 2705 urbia
394 2655 450 2705 viat
477 2651 640 2720 duceretur,
665 2671 714 2724 per
756 2651 868 2704 brantur
884 2650 950 2704 albis
971 2651 1096 2704 reatibus.
1112 2653 1154 2705 Sic
1167 2651 1259 2704 taudi-

210 2749 277 2805 quae
295 2729 359 2783 olim
374 2729 507 2801 Iugurthn
523 2728 619 2783 ductus
633 2735 710 2784 eati·
757 2729 818 2780 dnm
842 2747 967 2801 pompam
994 2729 1104 2783 Ovidius
1127 2731 1154 2780 iu
1179 2731 1259 2782 sacris

210 2809 246 2862 Di
253 2807 361 2860 melius!
372 2807 406 2859 de
416 2805 492 2859 maiia
504 2808 652 2860 avertendis
662 2809 715 2858 for·
757 2805 944 2878 Robigalibus‚
954 2810 1024 2859 Fust
1037 2809 1088 2871 Il',
1101 2809 1168 2878 906:
1185 2807 1262 2861 ·0b·
1283 2869 1288 2876 ⁶

211 2885 300 2951 mula,
321 2902 403 2957 quam
422 2899 448 2937 et
466 2887 492 2936 in
507 2888 590 2951 votis,
609 2900 639 2938 ut
655 2884 714 2954 hie,
759 2887 824 2937 ttitit
832 2888 858 2936 in
867 2883 951 2938 media
961 2886 1072 2938 candida
1084 2905 1182 2959 pompa
1190 2889 1258 2940 via.-

211 2969 324 3038 positam
339 2983 397 3017 aare
406 2965 538 3026 lirineiut
552 2963 639 3017 docet.
759 2965 817 3016 Jatu
830 2983 912 3035 porro
928 2965 1052 3018 condidus
1065 2984 1115 3036 pro
1131 2967 1217 3033 felici,
1232 2981 1262 3019 ut

248 3045 292 3114 67.
315 3042 405 3094 Actius
424 3041 486 3093 ltine
508 3041 588 3094 traxit
607 3041 717 3094 Plenus
760 3042 932 3094 candidam
944 3044 1263 3118 etcundt'dnomt'uuapud

211 3131 387 3176 monumenta.
413 3121 574 3186 Suetonius,
602 3125 715 3192 August.
760 3121 886 3173 Nostrum
899 3123 935 3187 II,
953 3123 1003 3186 15,
1023 3126 1111 3190 1‚IV‚
1128 3125 1263 3195 1‚67.-

213 3219 273 3272 cap.
286 3201 337 3254 18:
352 3224 364 3246 ι
374 3201 488 3272 Quoque
503 3201 615 3252 Actiacae
630 3202 716 3252 victo·
760 3199 960 3273 Blanditioeque.
980 3201 1148 3256 Vocabulum
1168 3223 1262 3256 corru-

212 3283 258 3334 riu
273 3283 400 3334 memoria
409 3279 567 3333 celebratior
580 3281 607 3332 io
621 3293 716 3351 poste·
761 3293 850 3351 ptum,
869 3298 918 3332 neo
940 3281 1077 3350 Latinum,
1094 3284 1207 3356 qualiter
1225 3287 1264 3336 in·

213 3378 271 3412 rum
286 3373 370 3428 esset,
383 3359 476 3412 orbem
488 3359 631 3431 Nicopolin
643 3357 718 3430 apud
761 3361 1118 3432 terpretaricooantur‚rosat
1127 3363 1267 3436 blanditiae

214 3442 319 3494 Actium
344 3440 486 3508 condidit,
509 3438 641 3512 ludosque
663 3437 717 3492 illio
761 3456 810 3510 per
830 3439 1043 3510 appositionem,
1066 3441 1106 3492 vel
1127 3442 1265 3496 blanditias

216 3517 425 3590 quinquennalet
447 3519 599 3580 conutituin
619 3531 644 3570 et
660 3535 717 3569 atn-
763 3536 840 3582 rorte,
856 3517 882 3569 id
899 3531 954 3584 est,
971 3537 1102 3572 rotarum.
1119 3523 1175 3574 Nec
1189 3521 1265 3594 quid-

216 3593 300 3666 pliato
314 3608 401 3647 vetere
410 3594 540 3667 Apollinis
551 3595 665 3668 templo,
680 3595 719 3648 lo-
764 3614 843 3668 quam
853 3595 914 3648 dico
924 3595 958 3649 de
970 3597 1092 3667 scaligeri
1103 3599 1264 3654 emendatio·

217 3689 278 3724 oum
286 3673 720 3746 antrorum,quibueiueratusus‚
764 3693 798 3726 ne
812 3674 855 3746 (si
867 3677 956 3726 vocati
972 3675 1023 3728 hcc
1035 3677 1184 3731 emendatio
1200 3699 1265 3752 poo-

218 3763 375 3804 exornatunr
398 3751 535 3806 navalibut
553 3753 644 3826 opoliia
666 3755 722 3806 Ne-
765 3752 813 3824 ait)
824 3751 1005 3826 Blanditoeque
1016 3772 1077 3807 msoe
1089 3775 1139 3825 pro
1151 3756 1264 3816 blandit.

218 3842 304 3903 ptuno
314 3847 346 3882 ac
356 3829 434 3882 Marti
447 3834 619 3885 consecravit.
631 3858 642 3880 ι
651 3832 720 3905 (Ipsi
765 3830 859 3884 Melius
871 3830 914 3882 alii
923 3831 1121 3906 Blandioioeque
1133 3836 1173 3887 vel
1185 3838 1267 3892 Blau-

220 3907 338 3980 Apollini
349 3921 532 3962 consecratum
543 3910 633 3962 locum
642 3910 722 3964 tradit
767 3911 900 3982 dinoeque,·
910 3910 957 3962 aed
969 3911 1058 3977 obeat,
1071 3914 1142 3984 quod
1154 3917 1219 3970 alhiI
1233 3921 1267 3976 de

220 4005 281 4040 com
291 3985 420 4040 Strabone
430 3985 509 4059 Dio.)
520 3988 566 4039 Itis
576 3987 723 4042 honoribus
768 3991 834 4042 rosis
849 3988 1007 4055 Blandona,
1022 3993 1076 4044 sive
1088 3995 1178 4064 potius
1194 3999 1267 4050 Bau-

221 4066 291 4124 adde
299 4067 427 4140 templum
434 4069 460 4120 in
469 4067 568 4120 Palatio
574 4067 723 4123 dedicatum
769 4068 863 4130 durioe,
876 4066 983 4121 tradunt
994 4082 1102 4122 veteres.
1114 4074 1203 4141 Quare
1217 4097 1266 4150 ego
