3122 4756
497 407 504 421 ·
577 375 752 442 ELEGlA
779 374 839 442 Vl.

279 503 339 569 His
350 499 496 594 Trojana
507 499 599 568 vides
612 501 732 569 sunere
742 505 925 598 principiis.

209 615 211 620 '
233 612 358 702 Aspera
368 613 552 676 Centauros
565 608 681 676 eadem
694 609 862 678 dementia
870 608 972 704 jussit

278 723 443 810 Frangere
455 721 490 786 in
501 719 681 787 adversum
691 720 813 812 pocula
825 719 1020 788 Pirithoum.

231 832 299 896 Cur
312 828 464 923 exempla
475 845 589 921 petam
601 831 761 897 Graium?
776 847 813 896 tu
824 831 972 899 criminis
987 847 1119 916 auctor,

277 941 429 1007 Nun-itus
444 939 555 1021 durae,
568 941 725 1022 Romule,
739 940 824 1008 lactc
835 939 936 1033 lupae.
1194 975 1226 1010 20

231 1053 284 1116 Tu
299 1072 417 1142 repere
429 1053 568 1116 intactas
579 1048 721 1118 docuisti
733 1052 870 1142 impune
885 1049 1036 1133 Sabinas;

276 1163 339 1226 Per
350 1175 384 1225 te
395 1182 487 1226 nunc
498 1164 613 1226 Romae
625 1157 789 1254 quidlibet
799 1157 902 1228 audet
915 1165 1025 1227 Amor.
1118 1159 1123 1164 ’

232 1267 323 1336 Felix
333 1267 465 1336 Admeti
479 1267 602 1362 conjux
617 1284 651 1336 et
661 1268 767 1338 lectus
784 1267 890 1351 Ulixi,

276 1383 318 1446 Et
330 1403 549 1476 quaecumque
561 1383 623 1448 viri
633 1379 757 1448 femina
769 1380 872 1449 limm
883 1387 991 1448 amat!

231 1598 370 1692 Templa
384 1601 553 1669 Pudicitiae
563 1600 647 1696 quid
661 1625 747 1694 opus
762 1604 918 1670 statuisse
929 1601 1069 1695 puellis,
1119 1653 1123 1660 .
1196 1616 1227 1668 25

276 1712 308 1779 Si
321 1712 425 1778 cuivis
438 1727 551 1803 nuptae
564 1710 700 1779 cuilibet
712 1733 785 1778 esse
796 1711 894 1779 licet?

186 2001 213 2055 bi
227 2005 349 2075 repetitio
358 2018 421 2076 post
431 2005 495 2056 illud
507 2017 537 2057 ut
543 2006 623 2076 fama
637 2019 681 2060 est.
727 2008 806 2076 igitur
824 2007 882 2077 ipso
910 2005 1023 2058 disticho
1046 2007 1148 2058 initium
1169 2025 1227 2059 csse

184 2083 253 2134 Bene
277 2082 347 2134 idem
372 2082 582 2136 Lachmannus:
608 2107 620 2131 ι
636 2087 682 2136 His
726 2083 1229 2157 iactumruinrocensebimus‚quaepri·

186 2158 263 2229 olim,
273 2175 305 2212 nt
317 2162 387 2213 lamo
400 2174 455 2228 est,
466 2151 535 2216 vitiis
550 2162 584 2214 ad
596 2163 683 2234 prelia
727 2184 796 2216 mam
813 2176 899 2217 totam
918 2164 1027 2218 secundi
1046 2163 1106 2218 libri
1125 2177 1228 2236 partem

184 2254 326 2293 ventum.-
353 2241 501 2309 Caeterum,
523 2243 628 2313 inquit,
647 2255 683 2296 est
726 2245 878 2314 fragmentis
897 2257 1039 2296 exstantem
1059 2242 1128 2296 toede
1148 2247 1228 2298 muti-

184 2333 244 2391 pott
262 2321 368 2372 brevem
385 2320 501 2373 vocalem
522 2322 550 2372 in
566 2335 681 2374 extremo
726 2321 778 2374 lam
789 2319 911 2374 ostendit.
925 2325 1025 2374 Primus
1036 2322 1070 2374 de
1081 2321 1182 2375 lacunis
1193 2326 1229 2376 ie-

184 2416 257 2451 versn
268 2397 359 2450 melius
370 2401 492 2469 ponitur,
503 2418 580 2471 qnam
592 2400 679 2454 obest:
726 2401 759 2452 tia
769 2400 953 2453 Lachmannur
968 2403 1086 2467 monuit,
1097 2405 1227 2472 quaeriue

183 2489 245 2547 pott
255 2475 361 2546 longam
371 2475 512 2549 syllabam,
525 2489 555 2530 ut
566 2477 625 2544 bio,
636 2477 682 2530 ubi
726 2477 868 2532 Codicibus
880 2481 994 2530 inventis
1008 2478 1167 2551 quibusdam
1176 2498 1228 2531 no-

183 2554 238 2608 lieri
249 2567 353 2626 potest,
366 2557 501 2608 omittitur.
727 2558 765 2608 via
781 2557 946 2608 temerarium
965 2560 1014 2609 erit
1028 2572 1054 2610 et
1070 2575 1228 2627 supervaca-

221 2651 261 2704 17.
275 2635 373 2705 Aspera
386 2637 535 2701 Centauros,
550 2649 599 2688 etc.
616 2635 683 2688 Vide
726 2655 806 2689 neum
817 2651 939 2708 tangere:
952 2637 1024 2708 apud
1036 2631 1158 2703 ceteros,
1172 2656 1228 2709 quae

184 2724 238 2763 not.
251 2711 359 2782 adeleg.
374 2730 405 2779 a,
418 2731 443 2782 9.
453 2714 593 2784 -Aspero
608 2711 683 2764 crela-
727 2733 819 2768 sentus
831 2728 920 2788 aperte
930 2714 1071 2786 disjungit,
1082 2734 1137 2767 uno
1146 2715 1229 2768 recol·

183 2791 216 2842 tit
237 2790 397 2844 exstantibus
416 2793 506 2860 ligurio
526 2791 631 2862 pocula.
646 2823 682 2833 -
727 2793 794 2848 lecta
813 2808 937 2847 contextu
958 2799 1053 2866 scripta
1077 2794 1227 2865 prodeunt;

183 2871 309 2924 Adversus
320 2871 454 2923 Pirithous
463 2884 502 2923 ett
513 2871 681 2924 exadversum
727 2872 773 2925 scd
788 2871 821 2923 ab
837 2873 908 2924 omni
923 2885 1042 2943 tempore
1052 2871 1149 2924 criticis
1161 2874 1228 2926 infe-

182 2952 295 3020 positus.
725 2951 848 3005 licissima
863 2951 982 3017 leniuit,
998 2963 1026 3002 ut
1041 2953 1149 3003 minima
1163 2970 1228 3024 pue·

219 3029 261 3082 23.
282 3028 362 3081 Uttxt.
380 3027 445 3080 Vide
459 3029 491 3080 ad
507 3027 570 3098 eleg.
586 3046 618 3097 9,
641 3030 679 3081 13.
725 3031 808 3082 riiiter
828 3042 972 3099 urgerent,
997 3032 1078 3081 totius
1099 3033 1227 3084 orationis

183 3135 217 3148 -
228 3109 264 3159 Et
273 3126 438 3180 quercumque
450 3109 498 3160 viri
508 3107 588 3160 timete
600 3119 679 3159 amat.
726 3111 837 3160 formam
846 3110 887 3160 vix
897 3107 1068 3178 dignarentur
1076 3108 1226 3162 adtendere.

183 3186 289 3240 Servare
307 3186 433 3250 domurn,
451 3203 492 3237 res
509 3187 537 3234 in
554 3184 681 3238 veteribus
726 3216 760 3225 —
782 3187 811 3238 Si
830 3187 910 3238 cuivis
928 3198 1032 3257 nuptm,
1055 3201 1105 3239 etc.
1124 3189 1228 3261 Ecquid

183 3265 287 3316 feminis
300 3276 372 3316 tanto
382 3267 466 3334 pretio
481 3262 588 3327 habita,
600 3274 630 3314 ut
641 3261 682 3314 vel
726 3283 794 3340 opus
803 3265 906 3316 feminis
918 3279 974 3316 erat
984 3264 1080 3336 templa
1095 3267 1228 3320 Pudicitiae

183 3345 292 3396 mortuis
302 3343 437 3396 accederet
445 3342 567 3412 elogium.
575 3343 683 3394 Testnn·
727 3356 875 3407 exstruere,
892 3345 914 3394 si
930 3358 1019 3413 nuptae
1031 3359 1144 3414 possunt
1162 3365 1228 3416 pec·

185 3435 227 3474 tnr
237 3425 300 3475 tatis
313 3421 431 3492 lapides,
448 3424 475 3473 in
492 3419 587 3492 quibus
604 3422 682 3472 inuu·
726 3440 786 3474 care
795 3421 1061 3493 quidlibetiNuptnm
1071 3424 1151 3476 fuisse
1162 3423 1228 3496 Cyn-

183 3503 260 3554 meris
280 3524 286 3552 ι
311 3517 404 3554 norun
429 3515 570 3566 eenrirrr,
597 3516 681 3552 curru
726 3501 807 3553 thiam
820 3519 851 3554 ex
865 3499 917 3553 hoc
931 3519 984 3552 non
999 3503 1155 3566 inferemus;
1167 3520 1228 3554 nom

184 3593 272 3644 mr,
286 3593 336 3632 etc.
726 3581 803 3631 nimis
815 3582 904 3652 inepte
923 3583 1072 3652 Propertius
1086 3581 1228 3652 deceptum

220 3657 262 3712 25.
275 3659 385 3730 Templa
397 3657 549 3720 Pudicitia,
561 3670 610 3708 etc.
621 3657 682 3707 Non
726 3659 848 3709 maritum
862 3658 1031 3727 exprobraret
1045 3660 1134 3722 uxori,
1150 3677 1227 3729 quam

183 3738 282 3808 optime
293 3735 415 3789 verticuli
428 3737 481 3788 duo
492 3754 551 3786 cum
562 3737 682 3806 superio·
726 3749 752 3790 et
763 3739 820 3807 ipse
830 3739 962 3807 corrupit,
974 3751 1000 3787 et
1009 3737 1114 3788 sibimet
1123 3735 1227 3790 fidelem

184 3816 256 3870 ribot
267 3817 414 3870 cohaerent:
430 3819 456 3867 in
472 3829 579 3868 auctore
593 3827 680 3868 tamen
726 3829 817 3887 optat;
829 3818 923 3868 nubere
934 3816 994 3881 bic,
1010 3829 1039 3866 nt
1051 3835 1133 3886 stepe,
1148 3816 1180 3868 de
1194 3817 1227 3869 il-

183 3911 276 3948 nostro
290 3895 615 3966 ferremjunctimeditos,
630 3897 682 3948 nisi
725 3895 842 3963 legitimo
869 3913 957 3946 amore
986 3893 1225 3962 interpretabimur.

183 3993 246 4026 mox
254 3973 304 4026 alit
312 3976 401 4044 signa,
413 3973 607 4034 manifestata,
622 3991 682 4026 ten-
726 3973 776 4026 sed
785 3971 857 4024 aliud
867 3987 914 4036 est,
926 3971 997 4046 quod
1009 3972 1147 4044 cynthiam
1157 3975 1226 4029 clare

183 4073 243 4108 cnm
249 4058 422 4126 interruptum
430 4053 577 4125 proderent.
585 4053 681 4108 Abhoe
726 4065 837 4106 testatur
846 4071 900 4104 non
911 4069 1015 4124 temper
1026 4051 1142 4106 celibem
1148 4055 1226 4110 vixis·
