3128 4766
278 383 331 478 viij
517 431 519 438 Α
542 473 547 482 1
670 385 923 452 runrnrro.

277 513 432 611 aliquem
461 511 593 584 laboris
619 507 711 585 illius
741 517 850 585 nostri
878 515 1090 611 participem
1120 515 1157 584 in
1185 525 1325 612 partem

278 633 387 702 etiam
402 627 515 700 laudis
531 653 605 701 non
623 631 745 702 venire
763 626 975 702 haberemus
994 631 1167 728 iniquum.
1189 631 1326 702 Annui-

276 767 355 814 mus
368 757 508 832 tamen,
520 757 556 814 et
566 757 603 814 te
615 746 789 814 monitum
803 739 994 832 voluimus,
1008 739 1123 816 lector
1138 741 1325 834 benevole,

277 883 323 930 ne
339 860 416 956 ipse
432 861 468 930 in
490 860 729 957 suspicionem
749 857 885 930 incidas
907 883 981 931 non
1000 857 1218 957 peculiarem
1240 863 1327 933 Pro-

278 975 393 1070 pertio
411 985 552 1062 curam,
568 998 685 1072 neque
698 971 935 1045 Eruditissimi
946 975 1013 1046 viri
1027 971 1212 1048 facultates
1228 973 1325 1047 adhi-

277 1083 368 1158 bitas
383 1086 500 1160 fuisse.
517 1089 559 1158 ln
576 1089 645 1159 tuis
663 1099 783 1158 autem
802 1084 967 1159 manibus
981 1085 1110 1179 babes,
1126 1103 1258 1188 quamn
1272 1088 1328 1161 di-

276 1199 422 1300 ligentia
437 1215 473 1272 et
490 1205 679 1298 sagacitate
695 1199 885 1273 emendata
903 1199 1009 1273 simul
1028 1218 1144 1300 poetae
1165 1201 1276 1286 verba
1292 1219 1328 1274 et

276 1313 469 1391 enucleatae
485 1318 760 1402 sententiosum,
777 1320 827 1385 ita
839 1329 878 1385 ut
888 1315 1069 1388 Romanus
1085 1319 1150 1388 iste
1162 1315 1328 1390 calima-

278 1427 364 1502 chus
382 1427 427 1500 ab
454 1431 590 1526 integro
613 1441 820 1500 retractatus
838 1425 1003 1500 studiosis
1024 1429 1183 1500 omnium
1203 1431 1327 1501 animis

277 1569 390 1615 novus
409 1547 555 1614 omnino
573 1537 855 1615 commendetur.
1158 1614 1170 1634 ,

326 1655 477 1731 Accedit
507 1659 614 1728 etiam
639 1654 723 1728 huic
752 1654 898 1727 editioni
923 1657 1111 1754 proprium
1136 1654 1326 1756 quiddam,

277 1777 490 1848 imitationes
510 1771 662 1865 scilicet,
682 1771 812 1864 idest,
833 1769 914 1844 loca
934 1769 1157 1846 Gallicorum
1177 1778 1329 1874 scripto-

277 1918 358 1965 rum
378 1887 527 1980 selecta,
549 1916 782 1990 quaecumque
806 1915 889 1962 cum
911 1893 1088 1990 Propertii
1109 1890 1247 1983 verbis,
1269 1907 1329 1966 aut

277 2008 458 2080 sententiis
484 2021 580 2078 certe
603 2019 813 2106 congruunt
833 2006 998 2097 Quorum
1023 2001 1144 2104 ampla
1167 2020 1203 2078 et
1225 2029 1330 2106 sagax

278 2118 442 2194 collectio
457 2119 541 2210 tibi,
558 2135 597 2192 ut
609 2145 732 2220 spero,
750 2117 1012 2191 oblectamento
1029 2123 1164 2218 pariter
1182 2135 1218 2192 et
1234 2119 1330 2194 fruc·

277 2241 329 2308 tui
348 2238 425 2308 erit.
445 2233 522 2308 lllic
543 2239 640 2308 enim
661 2232 771 2308 oculis
792 2249 980 2306 occurrent
1003 2248 1087 2306 nota
1110 2239 1236 2334 saepius
1262 2261 1329 2308 nec

277 2377 351 2424 non
363 2349 543 2424 interdum
554 2354 675 2450 ignota
690 2377 697 2420 :
714 2373 868 2450 quorum
884 2346 1034 2420 alterum
1046 2345 1188 2420 dulcem
1203 2353 1329 2422 animis

278 2471 487 2540 memoriam
513 2483 632 2556 acuet,
656 2464 808 2538 alterum
831 2462 991 2535 discendi
1004 2463 1122 2536 studio
1148 2489 1327 2538 amoenam

279 2587 463 2656 materiem
480 2582 590 2656 dabit.

327 2698 428 2790 Quid
443 2693 578 2770 multa?
590 2696 765 2770 Ultimum
779 2697 868 2772 illud
886 2715 939 2772 est
955 2697 1185 2774 Bibliothecae
1201 2714 1329 2772 nostrae

280 2809 458 2884 volumen.
475 2813 648 2886 Exactum
661 2828 712 2885 est
723 2811 916 2886 multorum
929 2841 1121 2905 annorum,
1134 2814 1331 2888 multorum

279 2924 468 3000 taediorum
492 2953 603 3026 opus3
634 2951 700 2999 nec
728 2923 820 3000 illius
854 2933 968 3030 piguit
994 2944 1163 3029 patruum
1190 2955 1330 3020 meum,

279 3070 388 3143 quem
403 3045 508 3116 tantis
527 3041 711 3115 laboribus
732 3046 879 3116 minime
902 3049 1078 3144 imparem
1099 3062 1134 3116 et
1155 3043 1201 3117 ad
1221 3047 1330 3142 ipsius

255 3161 361 3231 ·vitae
380 3157 559 3260 jacturam
579 3159 616 3229 in
635 3153 848 3234 difficillimo
868 3155 1015 3232 consilio
1033 3174 1252 3231 constantem
1268 3185 1332 3232 no-

282 3277 373 3345 visti.
402 3275 435 3346 Ο
450 3275 587 3344 utinam
602 3267 726 3344 saltem
744 3273 832 3344 tanti
849 3273 1070 3347 conditorem
1088 3275 1330 3360 monumenti,

281 3413 392 3488 quum
405 3386 482 3486 jam
499 3385 674 3485 perducto
691 3384 738 3457 ad
757 3403 919 3486 optatum
938 3385 1045 3459 linem
1062 3389 1221 3485 incoepto
1241 3383 1332 3459 obli-

282 3503 367 3573 visci
383 3525 549 3572 curarum
564 3517 599 3573 et
613 3497 709 3572 fama
723 3525 872 3599 operose
888 3504 1036 3576 nimium
1055 3515 1175 3598 empta
1194 3499 1266 3573 frui
1288 3497 1332 3573 li-

281 3631 395 3705 ceret,
410 3642 534 3689 securo
554 3643 698 3689 suorum
718 3621 830 3689 amori
852 3645 924 3689 non
945 3614 1174 3712 subripuisset
1198 3619 1332 3714 impro-

282 3733 354 3801 visa
373 3735 495 3803 mortis
513 3729 706 3803 acerbitas!

889 3934 922 3992 P.
950 3934 985 3994 A.
1014 3933 1168 3998 Leuius.
