3122 4756
182 365 1232 412 ’,Ψ-..Ἥ

498 537 750 636 ELEGIA
785 541 920 636 XIX.

528 751 592 815 sn
613 748 886 817 sturmen.

594 1131 823 1188 trsuutnrntr.

225 1260 411 1342 Supremam
431 1255 514 1316 diem
530 1275 597 1315 non
615 1266 724 1338 pavet,
745 1275 802 1314 nee
824 1253 910 1316 edire
930 1255 1033 1318 tardet
1057 1259 1235 1341 Propertius

185 1359 294 1420 Manes
311 1381 318 1418 :
338 1355 392 1418 sed
412 1369 553 1416 mortuus
565 1375 605 1416 ne
617 1367 720 1416 careat
733 1355 964 1438 amorepueilae
977 1378 1054 1434 suae,
1067 1379 1130 1420 esse
1141 1361 1234 1422 timo-

187 1475 252 1516 rem
261 1453 346 1516 huno
356 1453 517 1514 duriorem
527 1463 637 1512 morte.
647 1451 772 1513 Seeerte
781 1473 955 1533 numquam
964 1453 1014 1513 vel
1024 1453 1236 1538 apudinferos

186 1553 300 1612 mutari
318 1571 424 1634 posse:
439 1550 520 1625 illie,
536 1547 688 1631 quidquid
705 1550 778 1626 erit,
797 1570 916 1632 semper
934 1549 1093 1611 addictum
1109 1574 1237 1614 mansu-

187 1669 258 1709 rum
278 1645 437 1730 Cynthiae;
463 1646 526 1706 illie
546 1646 690 1706 formosae
709 1659 867 1726 quotquot
888 1648 968 1722 sint,
996 1647 1180 1728 posthabere
1203 1671 1235 1710 se

186 1745 308 1806 nullum
321 1765 389 1806 non
403 1743 481 1805 velle
492 1743 644 1827 Cynthius.
657 1745 724 1805 Hoc
736 1745 858 1804 utinam
870 1743 925 1804 illa
941 1745 1037 1806 discat
1052 1769 1088 1807 ex
1101 1751 1235 1809 amantis

187 1863 283 1924 rogo,
297 1853 392 1924 atque
404 1843 439 1902 in
452 1839 517 1924 ejus
531 1843 599 1924 ipso
616 1841 743 1924 pulvere
754 1843 882 1902 sentiat!
895 1853 983 1923 grato
997 1865 1030 1903 se
1043 1861 1126 1924 geret
1140 1845 1234 1906 fidam

187 1953 326 2024 pectore,
341 1941 391 2000 cui
408 1951 472 1999 tam
484 1953 661 2000 constanter
674 1941 772 2026 amari
787 1961 819 2000 se
832 1941 913 2000 sciet.
927 1941 1126 2022 Quamquam
1143 1944 1234 2003 etiam

188 2033 314 2098 fortasse
327 2035 486 2100 duratum
496 2035 580 2117 jussa
592 2038 735 2111 venient,
749 2057 819 2117 quse
833 2039 922 2117 pium
934 2036 1088 2114 dolorem,
1103 2059 1172 2120 quus
1185 2039 1237 2100 fle·

189 2147 238 2194 tus
251 2153 400 2194 memores
409 2132 592 2194 invidebunt
605 2131 683 2192 mihi
695 2135 779 2194 tuos!
790 2133 893 2210 Quare
906 2133 1000 2212 igitur
1008 2133 1150 2194 laetemur
1159 2135 1235 2196 dum

189 2231 273 2310 licet,
286 2243 331 2309 et,
341 2253 436 2314 quam
445 2232 600 2314 possimus
612 2232 682 2308 dtu,
697 2247 853 2293 teneamus
867 2231 981 2310 gaudia
993 2245 1106 2292 nostra.

660 2423 771 2440 ...ι-

238 2529 343 2642 Non
355 2595 417 2665 ego
429 2595 524 2640 nune
534 2575 645 2640 tristes
657 2594 795 2654 vereor,
809 2594 885 2638 mea
896 2571 1055 2664 Cynthia,
1072 2555 1205 2656 Manes,

282 2685 351 2750 Nec
361 2703 477 2748 moror
488 2695 637 2748 extremo
649 2677 761 2748 debita
773 2679 843 2747 fata
853 2703 952 2774 rogo:

185 2879 193 2892 ⁵
237 2789 452 2860 Sedneforte
464 2789 741 2858 tuocereetmihi
756 2791 1001 2874 funusamore,

285 2902 348 2970 Hic
358 2903 461 2969 timor
472 2915 525 2992 est
534 2902 617 2992 ipsis
630 2899 746 2968 durior
758 2903 935 2996 exsequiis.

236 3013 312 3080 Non
323 3009 408 3078 adeo
419 3009 537 3079 leviter
546 3011 669 3078 nostris
681 3035 768 3104 puer
778 3009 877 3079 haesit
886 3009 1021 3093 ocellis,
1222 3025 1238 3076 5

281 3125 329 3190 Ut
339 3145 435 3190 meus
447 3119 553 3189 oblito
564 3118 677 3212 pulvis
688 3145 803 3189 umore
816 3138 921 3189 vacet.

236 3231 309 3304 Illic
319 3231 517 3326 Phylacides
526 3231 854 3328 juoundaeeonjugis
866 3231 966 3301 heros
994 3227 997 3234 ’

229 3435 252 3472 t.
270 3419 379 3486 Marta,
393 3421 507 3486 Oreum,
523 3431 636 3472 mortem
649 3419 691 3493 ip-
736 3420 832 3473 amoris
852 3417 989 3486 videlieet,
1008 3437 1063 3490 qno
1081 3437 1238 3486 movemur,

192 3513 248 3552 sam
260 3497 504 3571 intellige-Fato
517 3517 579 3572 rope
590 3498 675 3552 debita
681 3537 691 3566 ‚
736 3519 842 3554 sensum
852 3521 859 3552 t
870 3501 1006 3574 Propertio
1018 3498 1072 3553 hoo
1080 3519 1174 3574 pertun
1185 3513 1237 3562 est;

191 3573 691 3650 communemqisubeundamleqem.
735 3579 833 3633 herere
845 3579 895 3632 sibi
909 3579 984 3651 fingit
1000 3579 1084 3633 oeulis
1097 3579 1186 3632 divum
1200 3580 1239 3650 ip·

192 3657 232 3710 ne
244 3655 374 3728 edjeotivo
384 3669 512 3711 &tremus
523 3655 583 3710 vide
592 3669 648 3710 not.
659 3655 694 3711 sd
737 3675 796 3711 tum
807 3654 977 3728 Cupidinem.

192 3733 258 3808 eleg.
272 3753 319 3807 17,
335 3753 377 3791 πο.
772 3753 797 3806 7.
814 3735 892 3798 mio,-
904 3737 976 3790 eoeeis
990 3753 1084 3807 nempe
1094 3732 1238 3807 luemque

228 3815 253 3868 ⁵.
267 3817 346 3869 Puer.
360 3814 429 3870 Vide
444 3815 511 3889 eleg.
528 3815 561 3883 6,
575 3815 618 3870 23.
638 3815 692 3868 Mi-
737 3817 980 3888 stetimseqnnntur
990 3815 1086 3886 posits.
1097 3815 1239 3886 Repetitio·

193 3911 222 3945 re
245 3907 334 3947 eutem
359 3891 404 3946 hie
420 3893 543 3966 objicitur
561 3905 588 3948 et
608 3891 693 3947 eduo-
737 3895 778 3946 nis
789 3893 841 3945 hoo
853 3912 937 3966 geum
947 3891 1041 3964 lingue
1053 3893 1132 3944 etiam
1142 3907 1237 3949 nostres

193 3973 293 4026 atione
319 3970 420 4025 locutio
448 3971 553 4045 digna:
576 3991 694 4027 umorem
737 3971 977 4043 frequentissimum
985 3970 1237 4043 est—Phylacides,

194 4051 274 4125 vulgo
295 4050 407 4107 dicimus
432 4051 573 4124 significem
595 4051 693 4116 ocelim
738 4049 910 4121 Protesilaus,
923 4049 1018 4123 Iphicli
1031 4049 1114 4122 filius,
1133 4051 1239 4127 Phylaci
