3128 4766
517 363 631 428 VITA
652 361 926 430 PROPERTH.
1222 374 1241 438 3
1345 309 1349 318 1

205 484 368 548 trociuium
381 499 411 544 et
420 485 592 546 amicitiam
599 498 802 566 consequutus
815 499 874 562 cst,
884 483 971 567 cujus
982 485 1083 551 hortis·
1093 492 1127 552 in
1135 495 1243 576 Esqui-

205 583 267 644 lina
280 584 407 664 regione
420 583 527 664 positis
540 583 680 664 proxime
693 581 845 644 habitavit
853 593 873 642 ¹.

243 681 335 742 Gallo
346 680 496 756 cuidam,
506 683 572 744 viro
581 681 694 758 nobili,
708 681 864 744 amoribus
874 682 998 761 dedito,
1010 705 1067 746 nec
1076 707 1142 748 non
1153 689 1244 752 Tullo

204 779 374 842 consularis
390 778 536 855 familias,
557 779 611 862 qui
629 778 731 861 plures
749 781 783 840 in
803 779 881 842 urbe
898 780 1034 864 forisque
1050 786 1245 866 magistratus

204 873 323 958 uestiti,
333 873 592 957 gratissimusiuit
602 877 788 958 Propertius.
803 876 966 953 Ovidium,
979 879 1161 958 Ponticum,
1172 885 1245 944 Ras-
1331 953 1334 959 ,

205 995 272 1034 sum
290 987 412 1054 poetas,
434 970 564 1054 aequales
586 991 671 1048 suos,
690 970 885 1034 familiariter
901 973 1022 1051 dilexit;
1045 975 1186 1057 quorum
1194 979 1246 1062 ju·

204 1069 299 1147 dicia,
313 1071 339 1132 si
353 1069 429 1152 quid
442 1069 561 1152 populo
574 1070 754 1130 recitaturus
766 1083 862 1147 esset,
873 1071 961 1154 prius
974 1075 1104 1155 experiri
1116 1093 1246 1138 consue-

205 1181 298 1228 verat.
310 1167 451 1228 Hostiam
463 1153 615 1248 puellam,
631 1186 755 1228 summo
768 1187 879 1248 genere
894 1180 1018 1246 natam,
1039 1190 1154 1251 quam,
1174 1193 1246 1233 vero

166 1319 182 1338 -.
205 1263 330 1324 nornine
345 1262 552 1339 dissimulato,
566 1261 733 1346 Cynthium
746 1262 848 1324 dicere
863 1263 991 1342 maluit,
1007 1278 1042 1326 ut
1059 1267 1098 1327 sb
1115 1267 1246 1352 Apuleio

206 1361 392 1442 accepimns,
403 1357 566 1418 immodice
575 1359 723 1418 amavisse
732 1357 864 1419 videtur.
874 1361 964 1421 Hane
973 1362 1120 1442 omuibus
1128 1379 1247 1438 naturae

204 1457 338 1538 artisque
349 1455 474 1516 dotibus
492 1468 633 1517 ornatam
649 1454 741 1516 nobis
755 1455 916 1534 describit,
930 1479 949 1517 a
962 1458 1123 1520 Musarum
1141 1465 1247 1543 prseci·

205 1573 264 1635 pue
277 1553 371 1612 sacris
382 1572 447 1612 non
461 1550 689 1613 abhorrentem.
705 1552 767 1629 Qui
784 1573 859 1612 vero
875 1554 1070 1638 Propertium
1086 1576 1150 1618 una
1164 1557 1248 1642 Cyn·

205 1647 270 1709 thia
279 1661 459 1710 contentum
470 1645 639 1725 credidere,
650 1647 781 1730 elegiam
791 1647 877 1708 illem
885 1649 957 1710 satis
966 1651 1170 1714 considerasse
1181 1674 1247 1714 uon

205 1746 365 1822 videntur,
391 1767 452 1827 qua
478 1765 508 1806 se
528 1743 633 1806 multis
658 1745 814 1806 amoribus
839 1745 1009 1806 obnoxium
1036 1761 1066 1806 et
1084 1748 1249 1828 cujuslibet

205 1841 312 1904 formae
330 1841 495 1902 mulierum
510 1853 712 1924 spectatorem
731 1842 992 1924 elegantissimum
1010 1844 1126 1905 sincere
1138 1845 1247 1907 admo-

204 1942 279 2002 dum
311 1939 475 2023 profitetur
489 1938 513 2000 4.
541 1941 712 2001 Octaviano
741 1941 853 2002 Caeseri
877 1962 943 2002 non
971 1943 1064 2002 semel
1089 1942 1248 2006 blanditus

204 2052 263 2113 est,
281 2039 463 2114 immemor,
480 2049 572 2119 puto,
587 2037 788 2117 injuriarum,
809 2059 885 2118 quas
902 2038 942 2098 ab
962 2039 1030 2120 ipso
1050 2053 1081 2098 et
1096 2039 1247 2103 militibus

205 2133 268 2216 ejus
288 2147 461 2216 acceperet,
482 2134 669 2216 maximique
689 2135 837 2216 principis
860 2135 992 2216 gratiam
1012 2135 1158 2217 obsequio
1182 2159 1247 2198 car·

207 2234 298 2294 minis
312 2246 491 2314 aucupatus.
694 2303 696 2308 Α

244 2326 470 2390 Callimachum
492 2340 522 2388 et
542 2325 695 2388 Philetam
715 2325 755 2386 ad
769 2327 957 2388 imitandum
972 2328 1030 2387 sibi
1047 2327 1248 2410 proposuit53

206 2425 255 2486 sed
268 2425 347 2486 falso
361 2425 501 2506 Elegiam
515 2445 532 2484 a
547 2445 578 2484 se
591 2427 729 2506 primum
747 2443 784 2484 ex
798 2423 913 2485 Grecis
929 2423 1070 2485 fontibus
1084 2427 1168 2508 apud
1187 2430 1249 2489 llo-

208 2545 315 2586 manos
329 2523 493 2585 deductam
509 2521 631 2601 canit⁶‚
646 2544 746 2605 quum
758 2537 830 2582 ante
843 2521 932 2583 illum
949 2521 1089 2583 Catullus
1106 2524 1137 2584 id
1149 2536 1248 2585 tenta-

207 2625 294 2684 visset
308 2643 422 2705 magno
437 2641 583 2683 successu.
607 2620 768 2682 Helladem
784 2633 865 2681 certe
880 2641 1005 2681 omnem
1027 2621 1248 2704 depopulatus,

207 2720 411 2780 transmarino
431 2717 493 2778 sale
513 2719 625 2799 scripte
645 2737 700 2777 sua
720 2715 876 2791 condivit,
896 2730 1033 2776 veterum
1053 2714 1248 2796 fabularum,

208 2816 252 2875 uti
266 2816 408 2899 adparet,
423 2815 670 2876 studiosissimus.
684 2813 839 2875 Credibile
852 2826 896 2874 est
904 2857 914 2888 ,
928 2812 1077 2874 Ovidium
1090 2815 1129 2876 ad
1143 2817 1247 2878 Pasto-

207 2933 275 2973 rum
299 2912 395 2974 libros
417 2927 448 2973 et
471 2911 644 2973 Heroidum
669 2911 812 2996 epistolas
834 2910 1071 2972 conscribendas
1094 2912 1247 2996 Propertii

207 3009 333 3070 lectione
346 3009 528 3084 excitatum
543 3008 664 3089 preivit
683 3009 767 3068 enim
783 3019 877 3089 poeta
891 3003 1009 3067 Umber
1022 3005 1164 3089 pluribus
1177 3007 1248 3070 libri

207 3105 512 3190 quarticarminibus.
525 3107 725 3188 Quamquam
747 3119 851 3166 autem
870 3106 948 3165 vires
968 3106 1084 3186 ingenii
1102 3109 1150 3168 sui
1172 3129 1247 3169 con-

208 3203 287 3266 sulto
307 3215 469 3279 extenuat,
494 3223 609 3285 magno
631 3215 735 3263 tamen
756 3203 865 3284 spiritu
883 3217 912 3262 et
936 3201 1066 3263 heroicis
1091 3204 1248 3287 aptissimo

208 3299 353 3382 praeditus
368 3299 449 3360 fuit:
466 3298 552 3382 cujus
570 3298 614 3359 rei
628 3297 733 3359 lidem'
742 3296 862 3358 iaciunt
875 3317 927 3373 ca,
940 3318 1010 3379 quse
1027 3298 1066 3360 de
1081 3301 1248 3382 antiquita-

207 3395 289 3457 tibus
305 3397 396 3458 Urbis
409 3399 516 3458 Romte
525 3409 553 3470 7,
565 3395 604 3456 de
616 3397 743 3478 Augusti
756 3391 911 3456 uictoriis⁸
923 3409 953 3455 et
966 3394 1004 3454 de
1022 3397 1166 3458 Cornelia
1181 3419 1247 3458 ma·

208 3507 298 3555 trona
321 3494 421 3554 Paulli
456 3495 592 3554 censoris
615 3501 744 3569 uxore9,
769 3491 935 3576 magnifico
963 3494 1126 3565 verborum
1153 3495 1248 3578 adpa-

248 3649 271 3688 ι.
285 3629 449 3699 111,23‚24.
787 3627 1083 3702 5.c0nt.n1‚1‚1sq.

245 3732 270 3767 ς,
287 3709 382 3782 Elapso·
399 3707 488 3780 pluras
502 3719 604 3760 uetant
621 3707 681 3760 libri
694 3708 714 3759 1,
785 3705 922 3772 6.n1,1‚
939 3707 955 3760 3
972 3725 1012 3778 sq.
1022 3707 1089 3760 Vide
1107 3726 1164 3778 quar
1181 3709 1248 3762 inira

210 3795 258 3847 sub
278 3795 335 3863 ejus
356 3789 472 3841 nomine.
492 3786 560 3840 Vide
595 3799 650 3839 not.
673 3783 707 3838 ad
752 3785 949 3856 dicunturpag.
964 3803 1005 3857 ²9·

209 3873 296 3924 Vitam
307 3865 469 3936 chronolog.
482 3883 543 3937 pag.
562 3881 601 3919 ιι.
789 3881 813 3934 7.
826 3867 874 3930 tv,
893 3881 917 3916 r.

245 3953 272 4005 3.
284 3945 424 4001 videmos
437 3963 496 4016 pag.
513 3962 556 3998 ao.
791 3944 815 3994 8.
828 3943 867 4008 ll,
883 3958 931 4005 ro;
946 3944 994 4012 lll,
1005 3941 1037 4009 4,
1048 3955 1098 3996 etc.

247 4029 375 4090 t.11‚22.
789 4038 814 4091 9.
830 4023 878 4088 tv,
899 4039 937 4074 ιι.
