3128 4760
286 388 354 468 364
571 381 833 448 PROPERTII
858 379 946 444 ΗΒ.
974 381 1040 442 111.

330 515 414 580 Sunt
425 507 705 598 Agamemnonias
718 505 873 572 testantia
885 501 982 570 litora
993 499 1110 583 curas,

341 646 349 654 ·
374 623 459 705 Quae
472 631 567 686 notat
577 607 727 708 Argynni
738 637 851 706 poeua,
864 615 1003 680 minacis
1016 635 1124 706 equae.

330 733 405 796 Hoc
413 726 537 821 juvene
549 727 689 808 amisso,
701 723 844 793 classem
855 747 925 791 non
937 721 1036 791 solvit
1046 720 1193 806 Atrides,

283 890 437 964 explicantis
461 891 550 955 Nam,
577 889 649 960 quod
672 907 786 962 parrum
829 890 904 960 aquis
918 899 1018 940 traxere
1029 899 1121 939 notam
1130 885 1223 953 litora,
1240 903 1333 938 rerum

283 973 375 1024 vitium
386 970 519 1037 tollimus,
533 971 555 1022 si
569 987 630 1022 cnm
641 968 786 1022 Lachman-
829 966 864 1019 ab
871 967 990 1038 Argynni
998 977 1092 1034 morte,
1100 983 1178 1038 quem
1188 983 1257 1037 aque
1265 963 1331 1018 sub-

282 1067 320 1102 no
331 1049 468 1103 scribimus
481 1060 583 1101 mutata
592 1047 687 1100 litare:
702 1049 786 1100 «Jam
830 1047 929 1098 mersit.
946 1043 1077 1111 Kuinocl,
1093 1055 1225 1116 praeeunte
1240 1045 1332 1098 Passe-

282 1129 331 1182 sihi
347 1130 485 1182 nocturnis
500 1127 535 1180 ad
547 1146 607 1180 saxa
625 1127 706 1199 ligata
722 1145 786 1198 pro·
829 1128 898 1178 ratio
917 1146 924 1176 ε
947 1125 1040 1180 «Sunt
1056 1126 1331 1196 Agamemnonias....,

283 1208 372 1276 cellis,
383 1222 434 1262 etc.
449 1232 460 1257 ι
479 1208 543 1260 Jam
559 1209 596 1260 ita
605 1207 722 1279 positum
734 1204 785 1256 ha·
832 1206 889 1276 Qua
903 1216 978 1258 notat
988 1207 1105 1278 Argynni
1115 1223 1194 1276 poena
1206 1205 1333 1258 minantis

282 1287 383 1353 besil,
398 1285 450 1354 26,
464 1286 508 1356 49.
523 1313 559 1326 --
575 1287 725 1338 Pronomen
744 1283 788 1336 tibi
830 1293 935 1360 aque.)
950 1285 1002 1339 Sed
1015 1283 1078 1338 talia
1092 1284 1199 1357 quidem
1216 1283 1332 1337 refutare

280 1370 364 1438 junge
375 1384 437 1419 cum
450 1364 527 1440 ligata
538 1377 564 1416 et
575 1364 683 1416 cudttnt:
703 1360 788 1414 sT‘tbi
830 1383 886 1418 non
903 1383 972 1437 opus
985 1377 1040 1429 est,
1056 1366 1200 1436 presertim
1213 1381 1275 1416 cum
1291 1363 1334 1413 in·
1420 1359 1421 1364 ’

283 1445 390 1498 vincula
397 1446 486 1506 omnia
497 1443 595 1496 detrito
602 1443 667 1494 funs
679 1439 787 1510 cadunt,
830 1443 1020 1514 terpretatione
1034 1441 1141 1495 addita:
1160 1464 1171 1489 ι
1187 1431 1245 1512 Qun
1258 1451 1334 1494 natat

284 1545 342 1598 qum
352 1539 413 1592 ate,
421 1524 473 1576 hoc
482 1535 531 1590 est,
540 1523 628 1576 nautis
637 1524 699 1589 tuis,
706 1523 787 1593 ligatu
830 1521 897 1592 (ubi
913 1521 1041 1589 natabat,
1056 1535 1178 1574 mortuus
1196 1519 1334 1592 fluitabat)

283 1602 435 1657 fucrantad
449 1619 519 1656 saxa.
829 1602 953 1676 Arpynni
963 1620 1043 1676 puna
1054 1603 1264 1675 minantitaqucr
1276 1599 1335 1671 (Ar-

319 1701 362 1737 na.
386 1683 519 1758 Arpynni
540 1683 680 1754 Argynnus
705 1701 786 1752 puer,
830 1700 934 1755 gynnus
953 1683 1063 1756 punitus
1085 1701 1100 1734 a
1123 1679 1203 1734 fluvio
1223 1699 1290 1734 savo
1308 1695 1334 1734 et

283 1761 570 1836 regis-Apamemnonis
589 1779 680 1825 amor,
693 1761 721 1812 in
736 1758 787 1812 flu·
831 1762 927 1815 minaci
937 1761 983 1834 ).ι
1003 1759 1190 1814 Lachmannus
1209 1780 1216 1810 s
1240 1760 1334 1813 «Sunt

283 1843 355 1894 minc
369 1841 477 1894 Boeotim
490 1838 604 1911 Cephiso
619 1839 683 1892 dum
696 1853 786 1906 natat,
831 1842 1052 1912 Agamemnonias
1064 1840 1188 1892 testantia
1199 1837 1280 1890 litore
1290 1855 1335 1890 cn·

284 1919 437 1972 submersus
457 1915 531 1970 unda
548 1915 651 1970 occidit.
673 1920 712 1970 ita
731 1919 787 1990 qui·
832 1937 891 1988 ras,
916 1921 982 1988 Qum
1001 1932 1078 1972 notat
1099 1918 1216 1990 Argynni
1235 1935 1334 1988 pmcn,
1378 1917 1380 1920 ’

284 1998 346 2052 dem
360 1997 502 2052 Athcnreue
521 1999 597 2064 xm,
611 1996 641 2062 8,
661 1996 694 2048 de
712 1999 787 2067 cnjus
832 1999 1167 2071 misrrumum-Varum
1177 1994 1335 2060 homme-
1399 1983 1403 1992 ’

284 2079 436 2132 nmatione
463 2075 581 2130 Kainoel
606 2075 714 2148 Cephisi
732 2077 788 2130 ruit
832 2099 892 2134 neo.
907 2081 989 2146 Sunt,
1012 2081 1120 2152 iuquit,
1144 2077 1244 2130 «litora
1265 2095 1335 2146 quta-

285 2175 342 2210 ease
355 2155 449 2224 litora,
472 2176 529 2230 que
545 2157 609 2209 dicit
625 2159 786 2230 Propertius,
832 2159 894 2212 dnm
917 2159 1045 2224 minacis,
1068 2156 1097 2209 id
1116 2169 1176 2222 est,
1200 2154 1334 2208 iracunde

285 2235 384 2302 Sentis,
395 2253 474 2307 quam
483 2238 582 2308 inepte.
590 2235 694 2308 Ecquid
703 2237 789 2288 enim?
833 2255 906 2311 aqum
923 2258 928 2288 :
948 2236 1003 2288 hmo
1020 2236 1224 2306 Agamemnonis
1242 2251 1335 2305 quere·

284 2313 336 2368 hoc
349 2327 479 2371 utrorum
490 2316 588 2373 Noster
597 2315 695 2387 probet
704 2313 789 2368 tribus
833 2316 872 2369 ias
890 2329 1080 2388 experturae,
1098 2313 1153 2366 hmo
1168 2312 1203 2364 ab
1219 2313 1336 2384 Argynni

284 2407 347 2449 ente
371 2395 489 2448 versibus
512 2396 647 2467 positum,
668 2396 789 2462 ignorare
833 2415 896 2448 casu
910 2394 1033 2448 habuisse
1047 2405 1168 2445 notam.»
1187 2393 1245 2463 Qua
1262 2401 1337 2444 notat

284 2466 365 2528 maris
384 2474 480 2529 fluctus
500 2473 722 2540 misericordiam,
741 2473 790 2526 flu·
832 2471 874 2526 vei
894 2473 956 2544 Qasr
974 2471 1035 2524 libri
1055 2469 1176 2524 melioret
1194 2467 1335 2528 exhibeam

285 2555 358 2607 vium
371 2554 399 2605 in
414 2552 536 2623 exemplo
549 2550 721 2617 memorabit,
734 2569 788 2605 nou
833 2553 944 2606 minaeis
955 2565 1043 2604 autem
1054 2569 1131 2624 aquoe
1147 2569 1196 2622 pro
1211 2547 1337 2602 minantis

284 2635 373 2708 ipsum
382 2632 637 2702 mare?Apagctam
648 2628 788 2682 ridiculum
833 2631 1017 2684 Lachmannus
1039 2629 1225 2682 emendatione
1251 2640 1336 2694 certa,

284 2715 431 2766 inventum.
441 2711 530 2764 Litora
542 2723 620 2776 sunt,
634 2730 668 2764 ne
681 2709 789 2778 dubim,
833 2729 915 2782 quum
931 2727 985 2760 non
1007 2710 1040 2761 eit
1061 2705 1174 2762 rethor
1194 2708 1254 2778 ipso
1276 2723 1337 2758 mo·

285 2787 790 2862 marisAEgoei51uhocmariArgynnum
833 2799 922 2840 mento
944 2804 1077 2858 presens,
1107 2804 1187 2857 qnam
1215 2787 1337 2856 exprimit

285 2882 422 2922 mortuum
447 2866 576 2938 significat
598 2882 687 2940 poeto.
712 2871 789 2922 Nunc
834 2879 923 2938 poeta.
943 2867 981 2918 lta
996 2867 1084 2930 enim,
1106 2881 1155 2918 nec
1174 2863 1266 2930 aliter,
1286 2881 1337 2934 po·

286 2959 375 3000 autem
403 2948 425 3000 si
450 2963 634 3017 comparamus
657 2947 789 3017 Codices,
834 2948 863 3000 ni
881 2946 1052 3017 participium
1070 2957 1184 3016 poterat.
1204 2945 1336 2994 Minacem

285 3026 386 3080 varim
403 3043 483 3096 qnam
502 3027 612 3078 maxime
633 3029 789 3098 scripturam
835 3043 931 3096 aquom
942 3023 1024 3090 dicit,
1037 3022 1170 3074 urmincr
1179 3021 1338 3095 ‹equorOvi-

285 3106 474 3176 comperimus.
504 3106 664 3162 Enumerare
687 3105 790 3177 singula
835 3103 909 3168 dius,
926 3101 1051 3156 Heroidd.
1063 3101 1140 3167 xlx,
1158 3099 1206 3162 85,
1220 3112 1246 3152 et
1260 3099 1337 3152 litora

286 3183 397 3256 longum
410 3184 495 3250 foret,
511 3202 561 3236 neo
577 3188 644 3238 tanti
660 3184 788 3238 ducimus.
835 3183 945 3234 minacis
960 3197 1050 3252 aquoe,
1071 3177 1105 3230 ad
1120 3177 1267 3248 exemplum
1290 3177 1337 3227 Ca-

286 3262 429 3316 videamus
441 3263 536 3333 igitur,
547 3263 579 3316 tle
589 3267 742 3317 criticorum
748 3268 790 3336 ju·
835 3259 893 3314 tulli
909 3262 958 3326 IV,
977 3261 1009 3328 6,
1017 3262 1071 3333 ·qui
1086 3258 1196 3310 minacis
1208 3255 1337 3308 Adriatici

286 3343 358 3400 dicio
377 3342 442 3414 quid
453 3341 547 3396 meiius
564 3344 684 3416 adoptari
697 3345 789 3414 possit.
833 3343 904 3397 iitrts.
919 3345 1015 3396 Veram
1026 3341 1104 3411 hujus
1118 3337 1170 3390 loci
1184 3339 1337 3408 interpreta-

286 3420 485 3486 Bmuthnsius,
504 3421 641 3489 Barthius,
661 3425 793 3476 Burmaw
834 3424 934 3476 tionem
956 3421 1089 3474 Mamilius
1114 3415 1185 3488 apud
1212 3418 1337 3468 Burman·

287 3519 355 3568 nus,
375 3519 437 3554 cum
459 3499 527 3552 libro
548 3499 694 3571 Scaliger-Q·
712 3519 790 3572 quem
834 3520 897 3552 num
909 3504 965 3572 jam
979 3499 1052 3572 prius
1063 3493 1189 3560 dederat,
1203 3496 1253 3546 niti
1264 3493 1338 3568 quoti

286 3579 385 3636 attilius
398 3599 455 3634 este
465 3581 593 3632 momenti
602 3582 790 3652 cognovimus:
833 3578 993 3633 vocabulum
1002 3595 1059 3630 este
1068 3585 1224 3646 corruptum
1235 3573 1338 3626 minan·

290 3659 380 3714 «Sunt
389 3661 610 3734 Agamemnonias
624 3661 745 3722 testantia
759 3659 792 3712 li-
836 3659 867 3712 tt's
879 3677 934 3710 non
943 3655 1023 3721 uidit,
1035 3666 1062 3707 et
1073 3669 1146 3706 curus
1160 3653 1338 3726 Apamemuo·

201 3746 204 3752 ’
287 3738 792 3812 toracuras‚QuaenotatArgynuipoe-
835 3742 900 3792 nias·
911 3739 1006 3810 accipit
1025 3751 1142 3788 amorem
1160 3735 1338 3807 Agamemno-

288 3838 323 3873 na
341 3821 455 3873 natantis
473 3838 562 3894 aqam·
575 3840 586 3865 ι
601 3817 717 3891 (quibus
731 3818 792 3874 lito·
835 3822 893 3886 uie,
915 3834 971 3890 que
991 3829 1053 3868 sunt
1069 3816 1276 3886 Agamemnonis
1293 3813 1339 3866 do·

288 3895 362 3952 ribus
374 3915 444 3970 aqua
453 3896 529 3950 dedit
536 3908 637 3962 notam,
648 3897 720 3950 facta
729 3897 792 3950 oiim
836 3896 913 3952 loret.

288 3995 369 4050 poena
382 3978 493 4030 natantia
505 3975 650 4049 Argynni.)
662 3977 728 4032 Satis
740 3995 793 4030 ma·
874 3974 914 4027 23.
931 3971 989 4026 Hoc
996 3977 1095 4047 juvene
1108 3975 1209 4028 amisso.
1222 3975 1338 4026 Potitum

289 4053 315 4108 le
327 4067 486 4127 conceptum
500 4053 569 4116 hoc;
580 4073 666 4126 neque
678 4055 748 4108 enim
758 4054 792 4108 ab
836 4071 984 4126 pronomen
1003 4053 1062 4106 Hor
1077 4071 1131 4106 non
1145 4055 1232 4106 minus
1248 4053 1338 4104 insua-
