3128 4760
614 399 793 464 ELEGlA
816 400 844 464 1.
1185 401 1245 466 331

297 528 363 613 Qui
374 525 476 594 linem
487 525 617 618 imperii
628 529 745 592 Bactra
755 523 869 591 futuru
884 540 1025 591 canant:
1063 613 1066 620 Ι

250 635 332 720 Sed,
346 633 437 731 quod
450 657 532 729 pace
544 634 651 727 legas,
664 656 750 729 opus
762 633 829 702 hoc
840 633 883 702 de
897 647 1011 702 moute
1022 635 1182 704 Sororum

299 746 425 815 Detulit
434 749 557 813 intecta
569 747 692 839 pagina
703 759 819 813 nostra
832 746 894 812 via.

251 855 384 940 Mollia,
398 853 590 948 Pegasides,
604 872 717 922 vestro
730 853 807 922 date
819 871 909 922 serta
920 869 1046 948 poetae:

297 973 372 1035 Non
384 967 482 1035 faciet
493 969 593 1061 cupiti
604 964 690 1034 dura
702 989 827 1035 corona
838 989 925 1035 meo.

252 1077 387 1146 etmihi
399 1075 491 1173 quod
504 1081 580 1146 vivo
592 1075 773 1146 detraxerit
783 1075 896 1146 invida
906 1075 1024 1162 turbs,

297 1193 377 1255 Post
389 1186 520 1254 obitum
531 1184 658 1280 duplici
670 1187 798 1256 foenore
809 1185 928 1256 reddet
940 1191 1066 1256 Honos.

250 1298 371 1364 Omnis
380 1313 457 1388 post
470 1296 599 1364 obitum
612 1297 708 1390 lingit
720 1293 848 1392 majora
861 1313 1028 1378 vemstas3

236 1461 239 1468 .
297 1405 409 1500 Majus
422 1405 464 1474 ab
477 1409 646 1503 exsequiis
658 1433 784 1478 nomen
796 1413 831 1478 in
844 1434 904 1478 ora
918 1401 1020 1478 venit.

251 1521 338 1585 Nem
351 1519 427 1612 quis
440 1543 528 1613 equo
540 1517 656 1612 pulsas
670 1517 815 1614 abiegno
827 1537 981 1589 nosceret
992 1541 1102 1600 muse,
1221 1533 1254 1584 25

297 1627 521 1723 Fluminaque
533 1632 708 1698 Haemonio
721 1631 874 1699 cominus
886 1633 952 1698 isse
965 1631 1055 1710 viro,

251 1735 395 1827 [ldaeum
407 1743 592 1824 Simoenta,
607 1745 700 1812 lovis
712 1741 881 1812 cunebuls
892 1744 987 1835 parui
996 1739 1024 1824 ,]

202 1951 337 2022 junctim
355 1961 460 2002 canant.
476 1980 513 1992 —
529 1951 641 2018 Baetra,
658 1969 707 2024 pro
752 1970 813 2004 cere
828 1951 900 2014 dies;
917 1953 1051 2022 Famaque
1072 1961 1134 2022 post
1153 1947 1256 2000 cineres

205 2033 379 2084 remotissimo
390 2031 509 2083 Oriente.
752 2033 838 2104 major
859 2033 965 2084 venit.»
983 2029 1015 2082 Et
1032 2029 1112 2080 Trist.
1126 2027 1184 2095 JV,
1206 2043 1255 2092 to,

244 2127 284 2181 ¹7·
297 2111 362 2178 Sed,
377 2110 449 2184 quod
461 2127 527 2183 pace
539 2109 708 2184 lepusfbona
756 2128 801 2163 121
823 2133 829 2162 ι
853 2113 922 2164 ιΤιι
939 2107 1022 2176 mihi,
1046 2107 1120 2180 quod
1144 2125 1256 2175 rerum,

206 2204 267 2239 uuus
281 2206 363 2261 poce,
376 2191 459 2241 amice
469 2202 496 2241 et
507 2188 644 2241 benevole.
652 2189 709 2241 Vo-
752 2193 811 2241 vivo
831 2189 941 2241 sublime
963 2187 1059 2240 dedisti
1079 2189 1200 2250 Nomen,
1222 2185 1256 2238 eb

206 2265 331 2319 eubulum
348 2265 419 2320 istud
438 2285 493 2338 pax
513 2285 568 2318 non
589 2267 708 2320 dissimili
752 2267 882 2339 exsequiis
894 2265 973 2339 quod.
983 2265 1046 2318 dure
1060 2267 1141 2316 Fame
1155 2263 1253 2317 solet.»

205 2343 288 2397 modo
301 2346 454 2417 Propertius
471 2359 582 2417 usurpat
603 2349 642 2410 11,
659 2346 707 2413 25,
790 2349 831 2402 25.
849 2349 921 2401 Num
938 2347 1011 2421 puis,
1027 2359 1078 2398 etc.
1096 2345 1185 2411 Num,
1203 2344 1256 2396 hoc

205 2424 232 2491 ἠ.
250 2453 286 2468 -
306 2427 378 2498 Opus
397 2425 460 2491 lroc,
483 2428 599 2478 carmina
620 2439 709 2480 tenere
753 2441 814 2481 est:
836 2427 910 2480 misi
928 2446 970 2480 res
989 2424 1022 2479 sb
1046 2427 1103 2496 ipss
1126 2437 1257 2477 vetustate

205 2504 270 2558 brec.
279 2535 316 2544 -
325 2505 455 2558 Soronrrn.
467 2503 536 2559 Vide
548 2509 571 2560 ll
578 2545 587 2573 ,
599 2507 649 2575 30,
666 2524 708 2576 ²7.
753 2508 946 2560 incrementum
958 2506 1119 2576 acciperent.
1131 2527 1142 2550 ι
1156 2532 1193 2542 -
1205 2501 1257 2554 Αν-

204 2614 241 2626 -
259 2586 382 2659 Paqinu,
399 2585 499 2639 tubelle
517 2605 589 2640 mere.
606 2615 641 2628 -
662 2587 709 2638 In·
753 2605 792 2640 ces
806 2605 872 2660 equo
882 2583 969 2658 pulsnt
980 2583 1068 2655 (equo
1079 2583 1187 2654 Trojem
1196 2577 1258 2652 pul·

206 2673 275 2715 tactu
289 2664 348 2724 νίας
363 2683 442 2736 quem
457 2683 506 2738 ego
520 2665 621 2738 primus
634 2665 708 2718 inve·
753 2667 827 2738 sum)
844 2665 909 2718 dicit
930 2682 991 2717 cum
1008 2661 1162 2716 auctoribus
1182 2657 1257 2725 eliis,

206 2742 243 2793 ni.
257 2740 336 2795 Conl.
349 2761 386 2795 vs.
399 2743 425 2796 3.
754 2749 798 2820 qui
812 2745 929 2818 ligneum
943 2763 1042 2817 equum
1055 2743 1160 2796 arietem
1173 2757 1259 2791 muru·

245 2835 287 2888 ¹9·
311 2819 425 2886 Mollia,
444 2833 561 2894 myrtea,
579 2835 653 2878 serta.
674 2853 709 2863 -
753 2825 805 2878 lem
828 2823 992 2878 tradiderunt
1014 2842 1079 2876 esse.
1101 2819 1170 2874 Vide
1190 2817 1256 2872 Plin.

206 2896 356 2972 Peqas'ideg
372 2899 473 2965 Mure,
490 2897 524 2951 sb
540 2901 709 2972 Hippocrene
753 2899 1023 2968 flin.Nat.vl1‚56.
1039 2897 1142 2952 Pellene
1153 2911 1260 2961 sutem,

205 2981 297 3046 fonte,
317 2997 396 3052 quem
417 2979 519 3032 extudit
535 2983 659 3052 Pegasus.
674 3010 709 3020 -
754 2999 895 3052 quassare,
918 2993 1074 3052 percutere,
1096 2991 1125 3030 ut
1145 2979 1185 3044 11,
1208 2977 1257 3044 26,

205 3061 281 3114 Dura
291 3077 396 3114 corona.
407 3059 473 3112 Vide
488 3060 528 3125 ll,
546 3060 627 3129 1,41.
754 3060 805 3128 48ι
822 3061 929 3112 «Lerne
937 3055 1014 3131 pulsa
1024 3059 1134 3111 tridente
1147 3055 1255 3130 palus.-

243 3157 285 3193 ιι.
310 3139 347 3191 Ar
372 3138 437 3192 milri
459 3138 530 3212 quod
552 3139 629 3205 vivo,
658 3151 709 3193 etc.
753 3137 1260 3212 W‚9‚15:·Maeneliojscuitpulsus

205 3215 709 3288 ovidianum.1‚15,39:·Pnei-
753 3219 802 3272 tria
817 3232 936 3289 tempore
954 3237 1027 3271 ramo
1043 3217 1160 3272 Cocus.»
1177 3215 1259 3269 Pulsa

205 3300 291 3349 turin
308 3299 371 3349 rivis
382 3296 477 3360 Liror;
492 3309 553 3370 post
566 3297 623 3349 feta
636 3297 710 3369 quie·
754 3295 862 3369 (remis)
877 3297 942 3349 vada
956 3298 1006 3364 lV,
1019 3315 1050 3364 2,
1066 3297 1090 3350 B.
1103 3316 1139 3336 -··
1153 3293 1259 3348 Flumi-

206 3375 359 3442 scit,Quum
368 3393 430 3430 suus
439 3393 470 3427 ex
478 3378 709 3449 meritoquemque
753 3396 852 3452 nuque,
871 3389 921 3429 etc.
936 3375 1073 3428 Xanthum
1088 3389 1114 3427 et
1126 3377 1259 3454 Simoenta

207 3466 296 3506 tuetur
308 3455 426 3508 honos·
442 3454 597 3520 sallustius,
613 3452 645 3506 de
658 3456 709 3508 Re·
753 3453 867 3508 voluisse
884 3451 963 3506 undis
979 3456 1032 3508 suis
1051 3452 1179 3506 Achillem
1194 3453 1259 3506 sub-

207 3531 282 3602 publ.
296 3533 380 3585 ordin.
396 3535 423 3600 1,
439 3535 469 3587 ι3
487 3555 493 3586 =
511 3535 654 3586 «...vivos
669 3535 710 3586 in·
754 3553 885 3606 mergere,
899 3535 1028 3587 Homerus
1043 3545 1133 3586 narret
1143 3530 1217 3585 llisd.
1230 3553 1259 3602 p,

208 3609 311 3661 terduru
325 3613 447 3682 fortune,
462 3633 530 3686 sepe
544 3613 657 3683 invidie,
669 3613 708 3666 fa·
753 3616 807 3667 310
818 3635 920 3688 κῃ.-
929 3615 1053 3668 Cominus
1063 3603 1109 3666 isse
1118 3614 1180 3666 viro.
1191 3610 1259 3662 Vide

208 3690 291 3757 riget:
313 3689 359 3742 ubi
378 3694 463 3746 enimn
488 3708 587 3747 nature
612 3697 707 3762 cessit,
754 3690 1259 3766 adll,19,22.-Haemonius,‘l'hes·

208 3767 302 3820 demtis
326 3767 579 3840 obtrectationibus,
600 3775 659 3845 ipse
680 3791 708 3827 se
754 3771 824 3825 sulus
840 3792 846 3820 ι
864 3775 891 3840 l,
910 3774 1014 3840 13,21.

207 3849 291 3898 vinus
303 3847 385 3916 magis
398 3850 530 3922 magisque
542 3849 671 3902 extollit.»
792 3868 833 3921 ²7·
848 3850 947 3902 Idoeum
965 3851 1115 3916 Simoenta,
1127 3861 1175 3903 etc.
1189 3851 1257 3903 Ver·

246 3925 288 3978 23.
317 3925 413 3978 Omnia
431 3939 490 3998 post
514 3930 631 3996 obitum,
657 3944 707 3984 etc.
754 3949 813 3984 sum
838 3927 1024 3984 Lachmannus
1050 3931 1140 4002 ejicit,
1167 3945 1257 4003 aperte
1300 3985 1310 4006 ,

208 4003 280 4058 ldem
295 4003 420 4072 Ovidius,
435 4025 466 4057 ex
476 4007 578 4075 Ponto,
593 4011 644 4072 IV,
662 4011 709 4078 16,
754 4029 808 4063 non
822 4011 961 4064 sincerum.
972 4013 1033 4080 Quo
1046 4011 1117 4064 enim
1130 4011 1256 4080 consilio,

211 4099 224 4136 2
238 4106 244 4135 ε
258 4085 342 4138 atton
353 4079 420 4138 solet
431 4085 541 4156 ingeniis
550 4105 651 4142 summo
662 4107 708 4141 no·
753 4091 858 4162 inquit,
887 4113 898 4138 ι
912 4089 1045 4144 Simoenta
1066 4097 1256 4144 commemordt
