3128 4766
581 353 758 427 ELEGIA
782 355 829 425 li.

231 482 410 556 Sediacics
421 482 975 575 sderatnullisobnoxiegemmis,

277 593 395 683 Qualis
409 591 557 689 Apelleis
568 610 622 663 est
632 593 724 664 color
735 597 773 662 iu
783 593 923 676 mbulis;

232 711 309 775 Non
320 705 386 774 illis
398 703 548 775 studium
558 705 661 800 vulgo
672 707 871 802 conquirere
882 719 1051 800 amantes3

281 817 886 913 illisamplusetisformu,pudicitia.

231 933 309 998 Nou
320 953 384 1022 ego
394 952 488 999 nunc
498 952 690 1012 vereor‚ne
702 931 766 997 sim
777 929 839 998 tihi
849 927 948 998 vilior
959 929 1046 996 istist
1070 917 1078 924 ’
1203 940 1234 994 2⁵

281 1037 975 1136 Unisiqrmplscet5cultapuellasotes't3

232 1153 347 1238 Quum
357 1151 617 1245 tibipraesertim
629 1150 849 1220 Phoebussus
862 1149 1142 1233 curminadonct,
1251 1203 1259 1210 .

279 1265 489 1356 Aoniamque
500 1261 609 1332 iibens
621 1261 791 1357 Calliopes
801 1261 930 1356 lyram

233 1372 342 1440 Unico
351 1394 416 1440 nec
426 1370 513 1441 desit
520 1369 682 1467 jucundis
694 1374 800 1465 grstia
810 1371 940 1456 verbis,

279 1480 557 1577 Omniaqusrqoe
568 1486 701 1568 Venus,
715 1503 859 1578 qumque
868 1483 1022 1550 Minerva
1032 1480 1163 1574 probat.
1200 1495 1236 1548 30

186 1662 251 1714 rotis
272 1673 379 1728 erecta,
403 1680 487 1736 quum
510 1664 569 1736 ipae
586 1677 689 1737 patrem
732 1662 775 1716 bri
788 1661 860 1716 uliud
872 1661 1012 1730 exhibent,
1025 1662 1097 1735 quod
1108 1664 1154 1734 qni
1166 1675 1237 1716 recte

186 1739 299 1794 baberet
312 1743 499 1808 OEuouraum‚
512 1742 594 1798 Fiidia
606 1756 634 1796 et
646 1746 690 1796 Pi·
734 1743 835 1814 ceperit
867 1759 958 1794 verum
993 1759 1049 1794 esse
1081 1739 1232 1813 intelliget:

185 1837 276 1872 sarum
286 1821 689 1896 regemiiippodamiuquuma
737 1823 822 1872 aNou
843 1839 893 1892 eqo
911 1836 981 1872 nunc
1005 1839 1115 1888 vereor,
1133 1839 1167 1873 nc
1188 1821 1237 1873 sim

187 1897 277 1952 mutuis
291 1911 439 1972 peteretur,
454 1913 531 1972 pater
549 1899 583 1954 nd
599 1899 691 1954 curule
734 1900 783 1952 tibi
794 1899 871 1952 vilior
881 1901 937 1952 istis
949 1919 955 1951 ε
968 1899 1021 1951 Uni
1032 1901 1054 1952 si
1065 1918 1118 1973 qna
1131 1899 1236 1972 placet,

186 1989 320 2030 certamen
343 1997 435 2032 omnes
459 1981 632 2051 provocavit,
659 1979 689 2030 in
733 1978 803 2032 culto
825 1977 913 2051 puelle
938 1991 979 2031 sat
999 1992 1058 2046 est,
1079 1980 1170 2046 Quum
1189 1977 1238 2032 tibi

188 2075 243 2128 quo
252 2056 332 2110 filiam
341 2059 476 2112 celerrime
487 2055 634 2111 vehendam
643 2076 690 2110 ou·
733 2059 894 2131 presertim,
907 2069 981 2111 etc.»
1000 2059 1062 2110 Non
1075 2077 1186 2126 uereor,
1203 2076 1236 2110 ne

186 2138 249 2208 riq:
260 2136 366 2210 Myrtilo
380 2139 561 2191 committeret.
574 2139 627 2191 Les
639 2155 689 2190 an·
733 2137 914 2203 meminoris,
932 2155 1011 2209 quam
1031 2136 1092 2190 illos
1107 2136 1141 2190 de
1157 2135 1236 2208 vulgo

188 2227 243 2266 tam
264 2227 341 2285 eret,
364 2229 394 2270 ut
416 2218 438 2269 si
462 2219 520 2288 quis
546 2215 692 2288 adtingeret
735 2215 983 2282 amatores‚fucias.
996 2213 1069 2282 Quid
1079 2215 1162 2284 igitur
1173 2234 1240 2288 ope·

189 2309 319 2360 mmm,
349 2285 556 2367 Hipptidamiem
581 2313 690 2346 uxorem
734 2309 796 2344 roto
813 2293 934 2364 corporis
950 2290 1024 2344 cultu
1042 2292 1107 2345 istos
1125 2296 1236 2365 captus?

189 2367 312 2436 habetem
327 2374 369 2424 sin
380 2373 479 2440 minus,
492 2369 689 2425 interficeretur.
734 2371 788 2423 Uni
797 2367 862 2421 mihi
873 2371 895 2422 si
908 2369 1012 2441 pisces,
1027 2369 1098 2422 culta
1111 2373 1175 2423 satis
1192 2388 1237 2437 es,

189 2444 280 2500 Multis
293 2449 330 2500 ita
343 2451 456 2516 necatis,
475 2447 599 2519 presidio
618 2449 691 2520 Nep-
731 2469 818 2524 quum
836 2449 885 2502 tibi
901 2453 1044 2522 presertim
1058 2463 1131 2503 tonte
1146 2453 1238 2504 forme

189 2528 246 2578 tnui
273 2524 381 2580 domurn
406 2539 433 2580 et
458 2525 557 2600 Myrtili
581 2527 691 2601 pertidia
735 2531 868 2601 animique
889 2529 963 2582 bona
987 2527 1026 2580 dii
1049 2532 1236 2583 concesserint.

190 2608 273 2658 victor
293 2605 388 2678 Pelops
412 2609 526 2674 exstitit,
549 2611 691 2680 occisoque
734 2610 794 2664 Istis
805 2608 839 2661 ad
850 2619 1013 2661 amantem.
1027 2607 1061 2660 23
1076 2608 1174 2661 referre
1185 2628 1238 2682 po-

189 2683 342 2752 OEnomao,
355 2683 469 2757 puellam
479 2683 596 2740 abduxit.
608 2687 692 2760 dpoi·
735 2699 789 2740 test
803 2685 850 2741 sed
864 2698 892 2738 et
903 2685 975 2738 nude
989 2686 1066 2738 istum
1078 2683 1184 2738 rivalem
1198 2683 1238 2738 di-

190 2760 243 2815 iod.
260 2763 298 2831 Π,
312 2764 344 2832 d,
359 2781 383 2816 n.
736 2778 799 2818 cunt
814 2781 874 2818 cum
887 2774 1037 2829 contemtu,
1050 2775 1080 2816 ut
1095 2781 1157 2815 mox
1171 2763 1236 2836 eieq.

225 2859 268 2894 sn.
282 2842 374 2913 Qualis
383 2842 510 2917 Apelleis,
519 2855 569 2896 etc.
580 2843 691 2914 Insignis
735 2845 768 2910 8,
784 2841 819 2911 3,
831 2857 857 2896 et
873 2843 896 2896 tt
904 2879 912 2908 ‚
926 2859 957 2914 9,
976 2853 997 2896 t.
1008 2841 1190 2916 -Quidquid
1202 2845 1239 2895 vi·

191 2924 259 2974 euim
271 2922 414 2994 Apellesin
426 2943 459 2976 eo
473 2923 537 2992 tuit,
552 2921 624 2996 quod
640 2943 690 2978 nn-
735 2919 830 2978 dentur
845 2921 1031 2990 Lachmsnuo‚
1048 2921 1131 2976 durus
1151 2935 1177 2977 et
1189 2925 1239 2976 im-

191 3013 277 3054 turam
296 3001 414 3068 nudam,
435 3002 593 3074 posthabitis
612 3020 691 3056 orne·
735 3004 841 3077 peditus
851 3001 992 3056 admodum
1001 3004 1103 3074 scripte
1115 3003 1236 3056 iectionis

190 3083 299 3147 mentis,
312 3083 475 3155 exprimeret.
493 3081 561 3134 Vide
570 3082 692 3134 strabon.
737 3100 829 3135 sensus
839 3093 893 3147 eat,
911 3081 994 3150 adeo,
1005 3093 1035 3133 ut
1047 3098 1103 3134 nou
1115 3083 1165 3135 nisi
1177 3102 1238 3136 cor·

190 3155 235 3215 lib.
249 3163 390 3236 ΜΒΝ.
405 3162 456 3233 657
471 3161 513 3216 ed.
526 3162 639 3216 Gasaub.
736 3173 845 3232 ruptum
871 3159 1051 3229 judicaremus
1074 3161 1103 3230 in
1126 3160 1237 3214 meliore

228 3240 270 3296 ηδ.
283 3243 346 3298 Non
360 3260 422 3316 eqo,
434 3253 485 3296 etc.
495 3239 598 3312 Vulgo,
609 3263 621 3286 ι
631 3243 693 3294 Non
736 3253 828 3312 poeto,
838 3238 912 3312 quod
921 3238 965 3292 hic
974 3241 1069 3310 injuria
1077 3239 1150 3293 nulia
1157 3240 1239 3294 tribui

192 3336 241 3390 eqo
254 3319 693 3388 nuncrereor‚uest'amihiviiior
735 3338 816 3394 posse
841 3318 998 3372 arbitramur
1022 3321 1170 3392 Propertio.
1196 3319 1239 3373 Ne

192 3399 261 3466 istis,
274 3421 286 3446 ι
298 3397 371 3470 quod
381 3418 396 3452 s
405 3396 538 3470 Scaliqerc
548 3400 693 3470 repositum
735 3401 784 3452 sim
797 3398 844 3452 ti'si
859 3397 984 3450 exhibent
1000 3400 1080 3450 etiam
1089 3399 1172 3468 Regii,
1180 3399 1238 3470 qui·

192 3473 413 3549 scriptilibriduo
423 3476 692 3530 coniirmant.1nhoc
736 3477 787 3532 bus
806 3479 922 3542 utimur,
944 3475 1057 3530 Gotsrces
1071 3475 1110 3541 Δ,
1129 3477 1167 3541 Β,
1187 3475 1238 3528 nini

192 3553 328 3628 displicere
347 3557 410 3610 Non
431 3573 535 3622 vereor,
558 3554 605 3608 nbi
629 3557 691 3609 Non
737 3553 912 3630 quodinisoc
924 3575 974 3628 pro
992 3575 1026 3609 rae
1041 3554 1164 3608 scribitur
1181 3573 1236 3607 nee.

194 3651 279 3686 verere
288 3633 580 3706 postulabstorntionis
592 3634 692 3701 forma,
773 3653 814 3705 ²9·
829 3635 926 3703 Unica,
940 3637 1047 3707 propria
1057 3647 1083 3686 et
1093 3635 1171 3685 unice
1182 3647 1237 3686 tua.

192 3710 377 3765 Lachmannus
394 3715 474 3766 aenait
491 3710 588 3778 facile,
606 3727 692 3785 neque
735 3743 772 3754 -
798 3715 895 3766 Omnia
919 3731 1027 3787 queque
1053 3711 1159 3777 Venus,
1188 3723 1237 3763 etc.

193 3789 246 3842 istis
257 3788 292 3842 de
305 3788 422 3844 heroicis
437 3805 509 3844 recte
528 3789 594 3856 dici,
611 3809 692 3864 quum
736 3789 853 3863 supple,
873 3809 923 3843 nec
941 3791 1036 3844 desint.
1058 3789 1239 3842 conmotu-

193 3871 354 3940 proecetserit
362 3869 423 3923 Iiiit
435 3869 466 3941 (ι
477 3869 537 3925 litis
551 3868 640 3943 smpia
655 3889 693 3925 sa-
737 3887 798 3922 nem
809 3869 895 3939 ipsam
907 3885 980 3934 enm,
1000 3866 1078 3918 «Nec
1090 3863 1139 3916 tibi
1148 3864 1238 3919 donent

193 3949 226 4000 tia
242 3948 344 4014 forma,
364 3947 544 4020 pudicitiae).
562 3950 597 4002 dt
614 3967 693 4016 vero,
737 3949 828 4000 omnio
839 3966 951 4019 queque
968 3950 1058 4000 Venus
1076 3957 1102 4000 et
1120 3948 1238 4000 Minerva

115 4015 122 4028 ’
195 4026 296 4096 inquit,
311 4027 411 4092 ceteri,
427 4040 559 4101 quotquot
573 4041 650 4094 suut,
664 4028 693 4080 ii·
737 4029 863 4101 probant,
873 4051 884 4076 ι
894 4029 1032 4100 repetitam
1039 4025 1179 4080 videbisei.
1191 4027 1238 4094 16,
