3128 4766
493 325 582 388 PER
606 323 760 390 ANNOS
783 323 997 390 DIGESTA.
1225 335 1267 394 23

542 487 574 536 A.
588 485 620 536 U.
634 484 663 536 C.
678 483 745 554 7263
756 485 887 555 Propertii
900 483 941 538 25.

470 563 559 616 Cesar
568 564 728 618 Octavianus
740 565 790 625 vl;
805 563 843 616 Μ.
858 565 975 636 Agrippa
989 565 1020 617 ll.

260 689 320 748 llic
335 700 436 748 sextus
453 685 580 746 Caesaris
599 685 759 747 Octaviani
776 685 954 747 consulatus
972 689 1106 747 maxime
1124 691 1270 750 notabilis

218 799 265 846 est
274 783 314 844 ob
325 803 482 844 summum
493 783 647 860 studium,
658 782 743 864 quod
751 783 903 868 impendit
911 785 1009 862 vitiis,
1018 787 1130 868 quibus
1139 787 1271 847 Romani

220 881 263 942 ob
282 880 438 942 bellorum
456 880 614 942 licentiam
628 876 795 942 adsuefacti
809 881 952 957 fuerant,
970 883 1092 964 penitus
1103 882 1270 962 elidendis,

219 996 251 1042 et
263 982 402 1042 moribus
414 977 846 1040 melioribus-introducendis.
861 981 1005 1040 Summus
1015 982 1109 1062 igitur
1121 981 1173 1042 ille
1184 984 1271 1065 prin-

219 1097 306 1160 ceps,
319 1074 451 1159 perfecta
460 1072 613 1138 bocanno
622 1095 760 1151 censura,
768 1075 956 1137 solemnibus
967 1077 1119 1138 sacrificiis
1127 1079 1270 1139 Romano

219 1196 309 1238 more
319 1174 452 1236 lustrum
464 1173 590 1249 condit,
610 1173 701 1234 ludos
718 1173 856 1234 Actiacos
873 1173 1121 1256 quinquennales
1129 1172 1270 1252 exhibet,

219 1273 359 1356 Apollini
372 1273 406 1332 in
417 1272 537 1333 Palatio
547 1272 700 1356 templum
715 1293 787 1334 cum
801 1271 992 1333 bibliotheca
1004 1273 1123 1356 perficit
1135 1294 1171 1334 ac
1185 1273 1270 1334 dedi-

219 1383 290 1448 cat,
304 1369 452 1454 variaque
469 1385 615 1452 preterea
629 1369 770 1442 ordinat3
787 1371 921 1430 maxime
935 1390 1029 1446 vero,
1050 1371 1188 1452 primum
1203 1391 1270 1430 om·

220 1469 329 1542 nium,
348 1465 445 1550 legem
469 1466 507 1528 de
521 1465 703 1529 maritandis
723 1463 888 1528 ordinibus
909 1465 988 1528 ferre
1006 1480 1155 1542 conatur3
1175 1488 1270 1549 quom

217 1563 332 1626 deinde
343 1567 503 1648 repetitam
511 1565 615 1628 decern
628 1568 718 1627 annis
731 1581 814 1649 post,
829 1567 863 1628 A.
872 1568 909 1628 U.
920 1567 995 1648 737,
1011 1568 1122 1627 iterum
1135 1565 1270 1642 tulit,‘ut

218 1674 382 1724 auctorest
393 1661 470 1738 Dio,
483 1683 583 1746 neque
595 1677 699 1724 tamen
711 1663 803 1723 etiam
816 1675 885 1724 tum
897 1683 961 1745 prae
973 1661 1174 1722 multitudine
1184 1683 1269 1722 recu-

218 1761 358 1821 santium
371 1759 506 1844 perferre
520 1761 637 1842 potuit;
651 1759 751 1821 donec
764 1759 892 1820 tandem
902 1775 970 1842 post
981 1780 1081 1820 annos
1094 1781 1217 1820 rursum
1231 1761 1268 1820 25

217 1855 324 1916 eadem
338 1853 387 1916 lex
398 1853 598 1937 perferretur,
611 1856 711 1938 Papio
724 1843 838 1916 Mutilo
853 1868 883 1915 et
898 1857 935 1933 Q.
950 1859 1084 1939 Poppaeo
1097 1876 1173 1916 coss.
1184 1855 1269 1917 unde

217 1971 252 2012 ea
268 1950 317 2012 lex
331 1952 425 2034 Papia
438 1953 588 2034 Poppaea,
603 1953 649 2011 uti
664 1964 695 2012 et
707 1950 791 2012 Julie
809 1951 923 2027 audiit,
940 1952 1088 2032 quoniam
1098 1949 1165 2032 jam
1177 1965 1268 2012 antea

217 2071 236 2108 a
252 2047 314 2108 Jul.
329 2049 447 2110 Cessare
460 2039 576 2109 tentata
591 2047 700 2109 fuerat.
715 2047 784 2126 Qua
798 2049 929 2132 delego,
943 2062 1055 2132 praeter
1068 2063 1207 2124 caeteros,
1219 2051 1268 2110 in·

216 2145 326 2227 primis
343 2145 557 2221 lleineccium,
579 2144 666 2205 docte
684 2165 719 2205 ac
736 2144 871 2206 dilucide
887 2147 949 2227 egit
967 2143 1117 2222 Baebius,
1138 2149 1172 2208 in
1188 2146 1267 2208 liist.

216 2241 349 2324 Jurispr.
362 2241 453 2300 llorn.
465 2239 527 2316 lll,
544 2261 575 2313 r,
589 2255 659 2302 sect.
675 2261 711 2316 2,
726 2240 741 2319 5
754 2261 772 2320 7
788 2261 854 2321 sqq.

257 2341 294 2401 ln
312 2336 397 2399 hunc
412 2338 508 2422 igitur
522 2357 643 2397 annum
664 2336 723 2417 726
741 2337 866 2418 scriptio
882 2335 987 2418 elegiae
1001 2359 1020 2420 7
1034 2337 1089 2398 lib.
1104 2339 1133 2401 ll
1151 2337 1268 2399 incidat

216 2455 336 2496 necesse
355 2450 414 2510 est,
434 2433 521 2518 cujus
541 2436 645 2493 statim
667 2433 792 2492 initium
819 2431 966 2494 sublatam
987 2432 1068 2496 hanc
1087 2435 1187 2516 legem
1211 2439 1265 2496 ait.

217 2535 264 2596 lle
283 2533 454 2617 posteriore
472 2531 599 2593 demum
612 2531 687 2613 legis
700 2529 793 2614 hujus
808 2529 944 2593 ferendas
958 2547 1071 2593 conatu
1088 2534 1122 2594 A.
1137 2533 1174 2594 U.
1189 2535 1266 2618 737,

217 2635 348 2714 cogitare
365 2631 511 2714 prohibet
529 2629 601 2691 finis
615 2632 747 2691 maxime
765 2629 919 2692 servitutis
935 2631 1176 2714 quinquennalis
1191 2635 1265 2694 Pro·

216 2729 321 2812 pertii,
333 2726 400 2810 jam
417 2741 487 2790 tum
500 2726 599 2788 factus
613 2729 789 2788 necessario.
804 2728 940 2804 Accedit,
957 2730 1042 2810 quod
1055 2742 1123 2790 tum
1137 2729 1266 2792 fortasse

213 2829 279 2912 jam
286 2839 441 2910 acceperat
452 2827 552 2887 Orcus
564 2823 743 2907 Cynthium.
754 2823 878 2886 Etenim
888 2824 983 2906 elegia
996 2849 1014 2910 7
1027 2825 1080 2888 lib.
1088 2827 1132 2888 lv
1141 2827 1174 2888 in
1186 2826 1264 2888 illud

216 2937 337 3008 ternpus
361 2921 496 2984 incidere
521 2921 651 2984 ridetur.
667 2920 764 3004 quue
784 2941 821 2982 eo
844 2921 949 2983 minus
970 2919 1104 2984 dubium
1129 2921 1264 3000 videtur,

216 3043 314 3106 quum
326 3021 504 3104 Propertius
514 3021 577 3102 ipse
586 3039 710 3101 qnoque
719 3016 804 3078 baud
817 3020 859 3078 ita
872 3019 972 3081 multo
986 3032 1054 3102 post
1071 3023 1104 3081 in
1121 3021 1262 3082 Libitina

216 3143 341 3184 censum
355 3121 467 3182 relatus
481 3121 529 3180 sit.
544 3117 614 3178 Vid.
628 3117 724 3199 Lipsii
741 3117 865 3177 Excurs.
879 3117 955 3178 Cad
965 3119 1060 3179 Tacit.
1074 3117 1186 3179 Annal.
1203 3119 1263 3194 lll,

216 3243 287 3306 pag.
311 3223 367 3306 732
392 3239 457 3302 sqq.
476 3218 548 3280 edit.
563 3219 702 3277 Gronov.
717 3217 770 3297 qui
786 3229 889 3276 tamen
903 3215 1035 3297 elegiam
1056 3237 1073 3298 7
1096 3215 1150 3277 lib.
1174 3215 1203 3276 ll
1225 3215 1262 3276 ad

217 3321 251 3380 A.
266 3317 325 3398 736
336 3316 464 3377 demum
478 3312 584 3388 refert,
598 3331 664 3372 non
679 3311 749 3372 satis
764 3309 919 3372 adcurate.

256 3415 294 3473 ln
305 3411 447 3474 eumdem
463 3427 590 3492 quoque
602 3427 721 3467 annum
733 3405 841 3467 incidit
850 3406 973 3488 scriptio
987 3405 1062 3488 eleg.
1075 3407 1109 3467 31
1127 3405 1261 3488 ejusdem

216 3509 288 3570 libri
298 3507 440 3582 secundi,
455 3525 524 3588 quae
536 3503 574 3564 de
585 3503 692 3586 templi
708 3501 861 3586 Apollinis
873 3501 1068 3563 dedicatione
1079 3503 1151 3583 agit.
1168 3497 1214 3563 Cf.
1228 3503 1261 3560 in

217 3629 287 3672 eam
297 3627 361 3670 rem
374 3607 475 3686 llcyn.
486 3603 520 3662 in
528 3603 589 3663 Vit.
598 3601 706 3684 virgil.
716 3599 864 3662 Chronol.
874 3599 915 3661 ad
925 3599 1010 3660 bunc
1019 3601 1122 3682 ipsum
1131 3619 1262 3660 annum.

539 3772 570 3824 A.
583 3773 615 3824 U.
630 3771 741 3842 027273
755 3769 884 3841 Propertii
897 3769 938 3820 26.

453 3851 539 3905 Cesar
550 3853 712 3906 Οοῑινὶιηιιι
722 3849 785 3911 Vll;
798 3847 837 3901 Μ.
852 3849 969 3920 Agrippa
982 3846 1026 3900 lll.

257 3991 385 4072 Augusti
398 4009 516 4050 nomen
528 3989 639 4051 Caesari
653 3987 824 4048 Octaviano
838 3986 948 4046 datum
961 4005 979 4043 a
994 3993 1116 4057 senatu,
1129 3981 1262 4040 Munatii
