3116 4756
619 481 867 645 nuncu
904 547 1086 648 xxlv.

704 783 767 847 AD
790 784 997 850 AMICUM.

738 1230 970 1268 nonnarum

298 1393 300 1400 ,
370 1337 517 1405 Defendit
536 1337 701 1420 firmatque
722 1337 806 1421 apud
829 1341 965 1402 amicum
986 1341 1186 1420 sententiam,
1207 1362 1277 1422 quus
1299 1361 1377 1424 prte-

331 1441 419 1500 cessit
444 1439 478 1499 in
502 1437 640 1498 carmine
665 1436 819 1517 superiore
841 1435 959 1518 posite3
985 1439 1120 1498 nimium
1146 1435 1376 1502 incommodent

331 1553 516 1617 gravemque
534 1531 591 1595 eibi
610 1530 778 1618 Cynthium
795 1533 909 1614 quibus
925 1531 963 1593 de
980 1535 1077 1594 causis
1093 1533 1220 1609 dixerit,
1237 1547 1375 1606 enarrem

329 1631 509 1714 vulgivagss
530 1631 641 1691 liberes
663 1645 832 1714 perseveret
855 1629 1084 1693 honestioribus
1104 1633 1255 1715 praeferre.
1276 1667 1313 1680 »-
1331 1634 1377 1692 An

331 1733 507 1792 Grnrnrnu.
532 1727 696 1790 Perfidiam
719 1749 835 1788 novam
860 1731 953 1789 miser
975 1751 1083 1790 emens
1106 1733 1262 1813 queritur3
1283 1752 1377 1812 quem

331 1839 484 1887 recentem
511 1827 601 1886 istum
622 1839 686 1886 tum
709 1825 877 1906 superbum
900 1824 1028 1886 rivaleni
1051 1823 1162 1902 hehet,
1185 1825 1287 1902 hunc,
1309 1828 1377 1906 ipsa

330 1935 405 1982 teste
419 1919 568 2006 Cynthia,
589 1921 623 1984 in
640 1937 796 1983 certamen
812 1922 875 1982 sive
893 1921 1012 2004 ingenii
1029 1923 1091 1984 sive
1107 1923 1288 1982 constantine
1304 1942 1376 2004 pro·

329 2032 435 2095 vocat3
452 2019 565 2103 puellae
583 2039 646 2082 suae
665 2019 818 2094 insinuat,
832 2041 926 2102 quem
942 2019 1057 2080 multos
1069 2017 1135 2101 jam
1149 2034 1220 2080 ante
1232 2020 1378 2100 repererit

330 2117 472 2194 fallacem
485 2138 606 2180 servare
624 2115 718 2186 fidem
737 2115 814 2200 qnid
827 2119 881 2196 sit,
900 2116 998 2180 ulium
1013 2130 1125 2201 preter
1138 2139 1168 2178 se
1186 2136 1375 2202 quemquem

329 2213 473 2276 didicisse
483 2225 585 2296 neget.

798 2365 909 2383 uua-—

378 2479 447 2589 Tu
460 2519 623 2615 loqueris,
639 2543 745 2614 quum
757 2521 801 2588 sis
810 2476 883 2612 jani
896 2539 976 2589 noto
987 2521 1101 2590 rabula
1112 2519 1211 2600 libro,

421 2636 465 2698 Et
477 2646 533 2698 tun
547 2633 590 2698 sit
601 2646 671 2698 toto
681 2628 826 2728 cynthia
837 2629 922 2712 lecta
933 2632 1030 2700 foro?

366 2866 389 2902 t.
406 2849 447 2901 Tu
463 2848 649 2922 lcquctit‚ctu.
666 2849 735 2902 Octo
753 2847 829 2902 disti·
872 2863 926 2902 tem
943 2851 1054 2904 tcerhsl
1074 2851 1172 2904 Mirum
1187 2869 1267 2916 sane,
1284 2851 1306 2901 ei
1325 2848 1373 2902 tibi

327 2927 391 2994 cha,
406 2945 461 2999 que
475 2929 609 2999 pertinere
622 2929 677 2980 visa
693 2927 828 2981 nonnullis
872 2928 939 2982 dure
956 2929 1067 3003 cynthia
1086 2933 1133 2997 sit,
1155 2947 1238 3000 quum
1260 2945 1308 2999 per
1328 2939 1373 2978 to·

327 3005 361 3059 ed
382 3005 580 3059 antecedentem
606 3005 717 3078 elegiam
739 3007 830 3079 scripti
871 3019 927 3062 tum
942 3008 1036 3062 urbem
1055 3011 1200 3062 innotueris
1219 3005 1324 3072 libello,
1345 3008 1372 3058 in

325 3103 409 3138 menn
431 3083 543 3138 Codices
563 3098 635 3138 recta
656 3085 829 3157 dispositione
874 3085 1370 3160 quotuemillamdictitatsmlegimnsl

326 3167 467 3236 separatim
479 3162 549 3216 edita
568 3165 741 3216 constituunt.
755 3162 829 3216 Scili-
873 3167 992 3231 Scilicet,
1004 3176 1034 3216 nt
1046 3165 1201 3236 respiciatur
1212 3162 1244 3213 ed
1256 3181 1286 3215 ea
1301 3164 1324 3228 Ι,
1340 3164 1370 3228 8,

326 3257 384 3311 cet,
399 3261 480 3315 quum
494 3241 653 3294 edomitum
665 3241 829 3309 (suinfurte,
873 3243 904 3310 41
926 3265 932 3295 =
955 3241 1045 3296 sSuut
1067 3243 1145 3314 igitur
1163 3241 1262 3304 Mose,
1285 3257 1371 3310 neque

328 3325 374 3395 qui
385 3320 562 3392 Demophoon
576 3319 659 3391 elegio
673 3338 704 3374 nn
718 3321 828 3392 dicitnr)
873 3323 971 3376 annunti
988 3318 1078 3374 tardus
1098 3315 1214 3388 Apollo;
1233 3317 1299 3384 Quis
1321 3317 1378 3388 ιμ’

326 3419 432 3454 carmen
444 3401 627 3453 transmissum
640 3400 726 3452 fueret
736 3402 829 3452 vicesi·
871 3402 953 3456 iretus
969 3417 1038 3450 emo.
1054 3395 1168 3466 Cynthia
1182 3412 1238 3446 rare
1253 3411 1311 3446 mec
1325 3405 1370 3446 cet.

326 3480 542 3546 numenium,
564 3481 591 3532 iu
610 3495 663 3550 quo
682 3476 829 3532 valedicere
872 3478 951 3532 Nunc
962 3477 1026 3530 mihi
1035 3493 1136 3530 tumme
1148 3473 1208 3528 licet
1219 3476 1372 3544 contingere
1432 3503 1436 3512 ·

326 3562 405 3613 caetis
423 3557 575 3624 umoribus,
594 3559 704 3629 ingestis
728 3560 828 3630 qnippe
872 3557 959 3611 sidere
972 3555 1069 3629 plantis
1085 3573 1091 3603 =
1109 3555 1166 3608 Sive
1185 3551 1302 3609 diessen
1317 3571 1371 3611 nox

325 3641 448 3705 nimium,
465 3639 627 3709 Propertium
644 3634 770 3702 vidimus,
788 3655 828 3690 re·
870 3639 984 3700 venerit,
996 3633 1045 3688 illc
1054 3643 1164 3686 meant.
1176 3656 1188 3683 s
1200 3633 1314 3688 erinon
1323 3632 1371 3688 hn-

326 3717 459 3790 spondere
470 3713 717 3788 lingiturhisverbis
727 3719 826 3768 enricus
867 3719 912 3790 jus
930 3715 1013 3768 nostri
1035 3713 1157 3764 carminis
1182 3711 1311 3766 distichon
1330 3715 1371 3766 in·

326 3794 456 3868 objiciens
476 3817 482 3846 =
505 3798 567 3847 s'l'u
592 3793 724 3866 loqueris,
743 3816 824 3870 quum
870 3806 982 3865 terprete
1000 3789 1170 3844 luschmsnno
1189 3795 1225 3845 ite
1242 3809 1318 3865 cepe.
1339 3795 1368 3846 ln

325 3877 359 3926 tis
369 3877 424 3947 jam
436 3886 500 3925 noto
517 3869 609 3926 fabule
621 3871 703 3940 libro.
722 3875 754 3928 Et
767 3875 824 3928 Tun
869 3875 914 3940 ils,
931 3891 987 3944 quae
1001 3885 1163 3943 sequuntur,
1176 3873 1290 3923 enricum
1306 3873 1369 3923 Pro·

326 3954 358 4005 sit
376 3965 433 4005 tcto
453 3951 566 4022 Cynthia
580 3951 649 4008 lecte
666 3953 766 4006 foro?-
782 3955 824 4011 Tu
868 3952 967 4023 percus
986 3947 1099 4016 refellit,
1122 3949 1235 4023 Cynthia
1250 3967 1368 4023 quenem

326 4032 362 4083 ite
377 4030 511 4104 loqueris?
528 4043 555 4082 tu
571 4031 657 4102 jacere
674 4029 823 4104 inpudicus
866 4049 927 4084 tere
938 4032 988 4098 sit,
1002 4047 1147 4102 exponens.
