3116 4756
569 354 746 420 ennete
770 355 887 420 xxn.
1185 357 1249 442 stt

224 529 232 548 .
259 487 342 567 Aut,
354 484 381 550 si
396 481 480 550 forte
493 483 577 549 irata
587 504 663 552 meo
675 483 718 549 sit
727 481 815 548 luctu
825 481 992 563 ministro,

304 595 351 660 Ut
362 593 446 659 sciat
456 613 530 659 esse
541 590 744 684 eliam,quoe
756 590 835 658 velit
846 611 920 658 esse
931 613 1018 657 mee.
1218 605 1253 673 to

258 706 343 770 Nam
355 702 475 770 melius
489 701 556 770 duo
566 701 754 770 defendunt
765 698 946 770 retinacula
961 723 1094 783 navem,
1183 695 1190 710 '

303 817 424 884 Tutius
436 831 470 884 et
481 817 632 908 geminos
643 816 741 883 anxia
753 829 860 882 muter
870 811 939 882 alit.

255 1083 336 1162 Ant,
348 1080 377 1147 si
390 1103 426 1148 es
438 1079 539 1160 dura,
551 1103 637 1171 nega
649 1105 656 1146 :
670 1081 721 1147 sin
734 1101 769 1145 es
784 1081 852 1145 non
865 1076 965 1159 dura,
977 1077 1098 1145 venito.

301 1185 390 1274 Quid
398 1185 495 1280 juvet
505 1190 541 1256 in
553 1186 647 1256 nullo
658 1211 785 1282 ponere
797 1185 897 1254 verbo
909 1185 1007 1254 loco?

245 1335 288 1406 39.
304 1335 374 1404 Aut,
391 1337 494 1409 siforte
511 1357 613 1392 serrum
631 1357 710 1392 enoe-
753 1336 897 1390 feliciorem
922 1353 1009 1408 eqo·
1038 1335 1111 1390 Illam
1138 1339 1254 1409 priorem

208 1417 279 1486 perit
294 1415 404 1484 durius,
424 1419 468 1490 qui
488 1419 581 1472 missus
600 1417 632 1470 nd
652 1435 709 1471 eam
753 1417 910 1470 sententiam
922 1418 1025 1468 comico
1037 1414 1089 1484 (ita
1103 1414 1255 1490 adpellant)

208 1508 300 1564 rogata
315 1514 373 1549 mes
386 1495 489 1562 tulerit,
500 1511 549 1549 etr.
754 1493 880 1561 exordio,
893 1512 947 1566 quo
961 1494 1087 1546 lectorem
1100 1496 1127 1545 in
1139 1493 1254 1548 mediam

244 1573 287 1640 41.
298 1574 464 1642 Retinacula,
476 1575 710 1630 menam-tu
753 1591 808 1624 rem
824 1573 908 1644 rapit,
922 1574 1034 1625 ornarit.
1049 1573 1127 1624 Ponit
1140 1571 1254 1646 aliquem

208 1651 258 1704 tius
271 1663 296 1705 et
306 1653 438 1725 penninos,
452 1666 501 1706 etc.
519 1653 644 1720 Ovidius,
657 1655 709 1706 Re-
754 1652 873 1722 ingenue
886 1664 912 1703 et
926 1665 1014 1723 nupte
1025 1665 1169 1704 amatorem
1181 1675 1187 1703 :
1201 1671 1257 1706 ntu-

207 1729 276 1784 med.
292 1733 382 1784 rimor.
395 1729 463 1797 4632
480 1731 629 1786 rl'ortinse
641 1731 709 1784 mul·
752 1727 841 1783 lierem
853 1743 899 1783 unt
910 1729 963 1784 alio
975 1743 1102 1802 recepto,
1113 1735 1256 1786 autmariti

207 1811 240 1861 tis
254 1822 338 1862 mater
355 1808 487 1864 desiderat
503 1829 604 1876 unum,
620 1812 708 1879 Quam
752 1824 825 1865 metn
836 1813 927 1865 venire
938 1829 1058 1882 negasse.
1073 1811 1128 1863 Aut
1139 1813 1256 1882 ¹promit·

207 1889 251 1940 rui
272 1887 336 1943 llsns
356 1889 471 1958 elamat,
491 1891 533 1942 Tu
551 1889 618 1942 ‘milti
634 1887 708 1943 solut
752 1901 807 1942 tere
830 1889 903 1958 noli,
919 1890 1009 1942 infelix
1028 1902 1132 1942 amator
1154 1892 1256 1964 inquit;

207 1971 278 2022 erasi
290 1992 302 2017 ι
750 1981 810 2034 tant,
824 1971 846 2022 si
858 1971 1019 2042 promisisti,
1034 1971 1122 2022 tenire
1137 1989 1255 2024 memen-

242 2048 286 2114 43.
299 2051 369 2114 Aut,
382 2049 405 2102 si
419 2067 444 2103 es
458 2049 523 2102 duro
531 2086 541 2113 ,
557 2066 640 2120 nequ.-
655 2061 705 2103 etc.
750 2059 787 2100 to.
798 2049 866 2100 ilinc
875 2062 955 2120 poeta
967 2047 1000 2101 nd
1011 2047 1143 2100 infelicem
1152 2067 1256 2118 eorum,

206 2126 329 2194 Quatnor
343 2125 456 2180 disticha
474 2125 543 2192 lter,
558 2129 586 2176 in
600 2123 707 2178 Codici-
751 2127 797 2198 qui
806 2139 949 2197 nuptarum
959 2145 1048 2180 amore
1060 2128 1131 2199 copti
1144 2139 1254 2181 tenesn-

205 2203 256 2258 ltus
286 2208 389 2280 seriptis
416 2209 602 2279 impressisque
632 2203 707 2260 libris
750 2205 1252 2278 tur,sortemconquerendamtransits

205 2303 266 2337 enm
278 2285 460 2358 superioribus
474 2287 633 2357 conjuncte,
649 2302 707 2356 que
750 2283 791 2337 his
808 2303 836 2338 se
854 2287 883 2338 in
896 2286 987 2340 vilium
1000 2285 1149 2358 puellarum
1164 2285 1253 2341 studio

205 2365 306 2419 dudum
325 2367 410 2420 critici
426 2363 532 2439 quidem
546 2384 596 2438 pro
614 2381 707 2420 sensus
749 2359 897 2416 beatiorem
930 2365 1112 2418 conditionem
1142 2369 1253 2438 experiri

205 2441 356 2498 diversitate
368 2444 420 2496 elio
430 2446 562 2516 pertinere
573 2442 707 2498 intellexe-
749 2441 896 2514 profitetur.
905 2441 1255 2498 -Adsemtriethirtach-

205 2535 281 2586 runt,
301 2521 486 2576 Laohsusuuus
503 2521 538 2576 ud
551 2537 706 2594 sequentem
749 2539 849 2573 manno
862 2521 956 2588 licent,
980 2521 1047 2573 ordo
1066 2523 1087 2574 ti
1106 2525 1196 2596 nequit
1210 2543 1254 2576 re·

205 2599 315 2672 elegiam
332 2602 435 2654 tertiam
447 2596 598 2654 vicesimum
612 2601 706 2654 tradn-
750 2599 824 2650 stitui
832 2599 1002 2664 certissimus,
1012 2599 1104 2652 saltem
1117 2615 1145 2652 nt
1157 2603 1253 2654 conlu-

205 2679 254 2745 cit,
267 2678 301 2732 de
313 2697 342 2732 re
353 2697 488 2750 exponens
500 2681 535 2732 ita
547 2701 553 2731 z
569 2681 598 2730 ln
615 2681 705 2750 priore
750 2677 789 2729 sio
801 2679 888 2729 minor
901 2678 942 2730 tit.
958 2675 1107 2748 Objicietnr
1116 2675 1253 2733 exordium

205 2763 334 2827 carmine,
344 2761 429 2834 inquit
436 2763 475 2812 vir
482 2759 590 2826 doctus,
600 2779 628 2812 se
637 2760 706 2812 mul·
750 2755 864 2830 abrupte
881 2757 980 2811 iactum
995 2759 1106 2811 o'armini
1123 2780 1130 2811 =
1148 2761 1218 2826 Aut,
1232 2763 1255 2814 si

204 2851 290 2890 terum
306 2857 422 2890 amorem
436 2835 516 2890 libere
535 2855 649 2908 querere
662 2837 706 2891 di·
749 2855 775 2890 es
788 2837 869 2902 dura,
887 2855 970 2910 neque
990 2836 1123 2892 distinctio
1143 2839 1169 2891 in
1188 2843 1254 2893 scri·

203 2919 239 2971 cit
253 2933 349 2992 poeta,
363 2919 406 2971 eni
420 2937 473 2971 nna
489 2915 577 2990 puella
592 2935 647 2969 non
662 2937 706 2972 sa·
748 2916 801 2985 ptis
811 2912 1047 2987 Codioibusposita
1057 2913 1163 2988 (deque
1172 2915 1254 2970 Lach-

203 3001 330 3062 tisfaciat;
345 3002 371 3051 in
381 2997 448 3064 hoc,
459 3017 567 3057 excussa
577 2995 705 3070 Cynthia,
748 3009 859 3044 mannus
872 2989 905 3043 nd
922 2990 1031 3062 elegiam
1047 2992 1096 3065 23)
1110 2994 1179 3045 inter
1193 3013 1252 3046 rer-

201 3077 338 3131 rilioribns
353 3095 426 3145 sese,
440 3077 571 3130 libertinis
584 3094 615 3129 ae
624 3095 703 3149 pere·
748 3085 794 3124 m
817 3073 921 3140 priore!
949 3069 999 3122 lton
1029 3083 1055 3123 et
1083 3073 1253 3143 insequentes

202 3157 299 3226 prinis,
324 3159 406 3210 tutius
428 3169 453 3209 et
476 3157 577 3208 minore
597 3169 705 3228 sumptu
748 3152 884 3221 proximos
909 3151 957 3202 cut
968 3147 1028 3222 finit
1047 3149 1163 3217 indocti,
1184 3165 1253 3216 etc.;

203 3235 307 3289 studere
319 3233 478 3308 profiteturt
494 3233 547 3287 illic
562 3251 642 3292 unam
655 3233 705 3288 sihi
750 3229 800 3284 ntia
813 3231 904 3303 plura,
915 3233 936 3284 si
948 3233 1000 3298 ris,
1012 3231 1184 3304 objicientur,
1196 3253 1252 3306 qum

202 3315 308 3388 plaeere
319 3329 415 3388 neget3
427 3315 471 3368 ltio
485 3328 573 3387 nuptm
587 3331 704 3367 amorem
748 3313 824 3367 rideo
834 3337 840 3368 ε
851 3315 904 3368 boo
914 3316 978 3369 milti
988 3337 1156 3392 nequaquam
1170 3334 1253 3372 mutat

202 3407 315 3448 recusat.
328 3395 384 3447 liae
399 3396 637 3468 nutem'utriusque
647 3413 704 3448 ear·
748 3395 887 3447 eonsilium
895 3435 905 3463 ,
913 3407 939 3446 et
947 3395 1017 3468 quod
1027 3397 1053 3448 in
1064 3398 1109 3448 tali
1119 3417 1146 3448 re
1153 3397 1253 3468 prabet

202 3475 279 3526 minis
297 3471 447 3527 differentis
470 3472 623 3540 intellectu,
648 3491 703 3528 non
747 3472 863 3546 aliquam
876 3475 989 3546 speciem
1002 3476 1071 3542 reri,
1082 3473 1193 3527 fidenter
1207 3495 1252 3528 nu·

202 3565 242 3603 est
255 3549 411 3619 obscurum,
428 3551 462 3604 nd
477 3565 567 3606 utrum
584 3551 622 3605 illi
641 3565 703 3604 octo
748 3567 805 3606 otor
821 3571 877 3607 snm
893 3567 923 3606 ut
941 3553 1098 3628 adoptemur
1115 3567 1141 3607 et
1154 3573 1251 3626 sequa·

201 3645 306 3696 versus,
323 3629 389 3696 Aut,
402 3633 424 3686 u·
436 3650 461 3686 et
471 3633 544 3696 dura,
558 3643 608 3683 eto.
622 3633 704 3702 perti·-
747 3653 814 3686 mur.
825 3663 863 3676 ·-
874 3635 982 3700 Venire,
995 3649 1025 3686 ut
1037 3654 1098 3686 mox
1109 3651 1185 3686 versu
1200 3635 1253 3704 46,

202 3718 307 3759 neunt:
328 3707 456 3774 rQuunta
474 3712 501 3765 in
521 3711 642 3778 miseria,
661 3713 703 3763 in·
747 3716 855 3786 proprio
874 3731 952 3765 sensu
976 3715 1091 3784 positum
1114 3711 1251 3786 intelliges.

203 3783 278 3854 quit,
292 3798 446 3850 versantur,
461 3789 506 3858 qui
519 3789 647 3859 ingenuas
658 3785 703 3841 de·
749 3791 787 3842 Ex
801 3790 898 3842 ultimis
912 3791 1017 3844 duobus
1031 3789 1151 3844 distichis
1167 3808 1250 3865 patet.

202 3861 330 3930 pereunt!
344 3862 401 3912 Hoc
416 3879 465 3932 eqo
477 3866 502 3915 iu
515 3865 629 3937 Cynthia
639 3865 702 3917 olim
783 3867 825 3934 44.
850 3869 918 3940 Quid
927 3872 1023 3940 juvat,
1040 3883 1090 3922 etc.
1107 3871 1187 3924 Dedit
1202 3873 1251 3925 Be·

203 3951 343 4007 expertus,
364 3957 435 3992 nune
448 3940 481 3994 de
497 3946 572 3996 trivio
588 3945 703 3996 mulieri-
747 3946 855 4000 roaldus
867 3947 1144 4020 quodrnlgolegitur:
1155 3974 1167 3998 a
1177 3951 1248 4020 Quid

202 4009 488 4090 butindulqent,'jam
504 4021 605 4075 dudum
621 4025 703 4076 ritem
744 4027 864 4096 juratio
882 4025 955 4078 nullo
971 4027 1085 4099 pondere
1106 4030 1186 4083 verbe
1209 4031 1250 4085 lo-
1351 4099 1354 4108 .
