3128 4760
328 372 392 440 332
610 367 873 434 PROPERTII
897 366 985 432 LlB.
1012 366 1080 431 111.

416 498 561 580 Hectora
570 507 623 562 ter
635 515 787 584 campos,
799 506 852 559 ter
862 489 1048 560 macrdesae
1060 495 1174 562 roras?

303 647 305 650 ·
369 604 661 699 Deiphobumque,
671 601 918 696 Helenumque,
931 618 966 670 et
976 599 1230 697 Polydamanta,
1240 601 1430 672 ctinarmis

415 713 702 807 Qualemcumque
714 713 813 780 Parin
824 716 880 780 v'ix
892 736 953 780 sua
965 713 1223 784 nossethumus.
1334 725 1370 782 30

369 828 503 918 Exiguo
515 815 671 892 sermone
683 822 771 890 fores
783 847 893 917 nunc2
904 821 1007 906 Ilion,
1019 841 1113 908 ertu,

414 931 536 1028 ijs,
548 933 598 1002 bis
610 935 720 1020 OEtaei
732 934 872 1002 numine
883 950 982 1028 cepte
992 933 1058 1002 dei.

369 1052 437 1116 Nec
448 1069 518 1114 non
529 1042 584 1113 ille
596 1047 644 1114 tui
657 1069 756 1114 casus
767 1061 971 1114 memorator
985 1049 1153 1115 Homerus

415 1156 611 1226 Posteritete
623 1179 724 1224 suum
735 1178 885 1224 crescere
897 1158 1003 1225 sensit
1013 1179 1112 1249 opus

267 1375 272 1390 ¹
322 1361 419 1414 Noster
439 1371 502 1432 post
521 1358 661 1429 flumina,
686 1361 823 1416 Xanthum
867 1361 1057 1438 phobumque,
1071 1359 1271 1432 Helenumque,
1284 1358 1370 1412 etl’o·

321 1456 418 1510 nempe
425 1437 579 1492 eteumdem
588 1430 734 1505 Simoenta,
745 1460 824 1514 quem
869 1440 1032 1516 lydumamm
1040 1445 1067 1494 in
1079 1441 1172 1504 armia;
1183 1463 1195 1488 s
1207 1437 1279 1494 uude
1287 1437 1370 1494 Sotii-

321 1515 366 1570 ilie
380 1514 478 1568 auxilio
494 1516 545 1569 sibi
558 1518 586 1568 in
595 1516 725 1570 Achillem
739 1518 824 1572 advo-
868 1541 915 1594 per
936 1533 962 1573 et
982 1521 1178 1592 Polydamanta
1199 1521 1254 1574 sine
1274 1519 1370 1585 annis,

322 1593 409 1648 cavit?
419 1597 501 1647 Porro
512 1597 570 1668 ipse
584 1615 675 1650 veram
689 1599 824 1669 pravitatis
869 1602 967 1676 quippe
974 1599 1170 1672 cujusbomiuis
1177 1597 1369 1671 linqunm‚uon

322 1691 375 1726 aun
386 1673 515 1727 indicium
525 1675 599 1727 iacit.
607 1679 678 1747 iiam
688 1695 775 1749 neque
785 1677 825 1730 si·
868 1681 965 1734 fortem
977 1679 1091 1732 animum
1100 1717 1108 1744 ‚
1117 1681 1247 1732 Homerus
1256 1694 1371 1730 commc-

321 1754 389 1806 mois
404 1751 538 1806 cunabula
550 1756 638 1820 iovis,
656 1771 705 1808 neo
721 1754 761 1825 (si
777 1773 825 1807 co·
868 1772 961 1811 morer.
987 1761 1047 1810 Haec
1068 1759 1118 1810 etsi
1138 1767 1200 1809 vera
1222 1755 1369 1809 observatio

320 1830 412 1903 pulum
421 1833 546 1886 omissam
554 1831 630 1884 nihili
640 1831 787 1904 essevelis)
796 1834 824 1883 in
870 1847 922 1902 est,
932 1831 1106 1886 nibilominus
1119 1835 1271 1904 conjectura
1283 1831 1369 1896 cedit;

321 1909 370 1963 ida
378 1909 496 1982 Phrygiae
507 1910 582 1962 fuere
595 1912 667 1963 Jovis
677 1909 824 1977 cunabula,
868 1913 1077 1966 namsineormis
1085 1928 1136 1964 nec
1145 1910 1301 1984 Polydamas
1310 1911 1370 1979 luit,

320 1987 405 2042 sedin
412 1987 530 2060 ejusdem
537 1989 651 2043 nominis
662 1985 744 2042 altero
752 2007 826 2040 mon·
869 1994 930 2064 ipso
944 1991 994 2044 sibi
1007 2002 1074 2045 teste
1093 1989 1165 2063 apud
1181 1990 1301 2042 eumdem
1316 1989 1372 2042 Ho-

321 2080 348 2120 ta
360 2067 487 2134 Cretensi.
500 2067 622 2139 Denique
637 2066 692 2119 hcc
704 2065 738 2120 ab
753 2067 826 2118 omni
870 2090 988 2138 merum,
1005 2069 1079 2124 iliad.
1095 2092 1129 2138 μ,
1147 2089 1190 2142 77.
1209 2069 1298 2123 Scribe
1310 2088 1371 2124 oum

320 2145 401 2219 hujus
411 2145 464 2200 loci
480 2165 559 2201 sensu
576 2145 662 2199 aliena
679 2160 705 2199 et
717 2165 826 2219 prorsus
870 2148 1373 2222 LachmannonDeipbobumqueffle·

321 2225 424 2280 diversa
442 2239 512 2280 sunt.
529 2227 587 2279 Hoc
604 2227 674 2278 enim
689 2239 771 2298 poeta
788 2225 826 2278 di·
870 2227 1033 2301 Ianumque,
1049 2241 1075 2281 et
1087 2227 1293 2301 Polydamanta,
1306 2239 1332 2280 ct
1343 2227 1371 2278 irs

321 2305 374 2372 cit,
395 2305 513 2376 ignotam
534 2322 606 2356 nunc
626 2305 734 2375 Trojam
751 2305 826 2371 iore,
870 2309 949 2362 annis
975 2308 1202 2381 Qualemcumque
1224 2309 1304 2360 Parin
1329 2309 1372 2360 rix

321 2384 371 2438 nisi
382 2397 477 2436 cuncto
493 2398 554 2456 post
566 2383 668 2436 obitum
687 2384 770 2456 magis
785 2385 827 2435 in·
871 2409 918 2444 aua
933 2402 1024 2443 nosset
1035 2389 1164 2442 bunius„
1182 2389 1269 2459 ignoti
1284 2389 1372 2440 forent

218 2459 222 2468 '
322 2461 498 2517 notescerent.
519 2461 591 2532 Quid
615 2461 650 2515 ad
673 2482 728 2517 rem
748 2465 827 2536 igitur
870 2467 1025 2540 Deiphobus
1044 2481 1072 2521 et
1083 2464 1199 2521 Helenus
1215 2481 1242 2520 ot
1258 2465 1372 2540 Polyda·

319 2544 397 2615 parui
410 2543 482 2596 Jouis
492 2539 641 2608 cunabula,
656 2560 732 2613 qum,
749 2545 770 2595 ri
785 2541 826 2595 vel
871 2565 945 2614 mas,
960 2561 987 2600 et
1003 2545 1047 2600 ille
1063 2549 1090 2600 iu
1107 2551 1186 2600 ermis
1199 2543 1372 2619 qualisqualis

321 2623 436 2674 maxime
444 2623 471 2672 in
479 2619 587 2694 Phrygia
600 2621 726 2688 luissent,
735 2640 750 2673 n
759 2624 827 2674 Tro·
870 2627 952 2680 Paria.
966 2626 1187 2699 Qualemcumque
1199 2627 1227 2678 in
1237 2626 1316 2679 armis
1327 2623 1373 2677 td·

319 2704 354 2772 jae
369 2699 449 2752 exitio
461 2717 559 2751 nomen
575 2716 606 2750 ac
620 2699 718 2750 famam
731 2697 827 2752 lucrari
868 2707 964 2775 jectivc
978 2704 1041 2758 dicit
1054 2723 1130 2770 eum,
1150 2707 1196 2776 qui
1216 2717 1373 2758 strenuuenc

322 2797 376 2832 non
386 2777 533 2851 potuerei·
545 2778 699 2830 -Heclora
713 2789 827 2831 tertam·
871 2804 906 2838 an
925 2782 1038 2837 imbellia
1056 2785 1165 2852 luisset,
1183 2784 1282 2837 nemini
1295 2785 1373 2836 ctiam

320 2875 381 2929 pos,
398 2869 449 2908 etc.
466 2853 576 2908 achillis
592 2857 620 2907 in
636 2854 826 2909 Hectorahor·
871 2876 965 2916 nomm
990 2863 1069 2916 foret,
1098 2865 1247 2915 pronomen
1274 2861 1372 2935 qualia-

322 2933 432 2992 rendam
447 2934 631 2990 crudelitatem
643 2955 754 3008 magnus
763 2935 827 2990 Ale·
872 2957 981 3016 cumque
999 2942 1036 2994 ita
1054 2939 1155 2996 ridebis
1181 2943 1298 3013 positum
1319 2939 1372 3006 lll,

322 3016 423 3069 xender
442 3013 514 3087 apud
534 3013 655 3067 Curtium
674 3016 826 3084 aemulatur,
874 3039 922 3088 αι,
945 3019 984 3073 16.
1409 3083 1412 3092 Ι

323 3095 372 3163 lV,
385 3093 419 3164 6,
432 3112 483 3165 29:
497 3112 566 3166 uper
575 3092 650 3147 talos.
660 3135 667 3147 .
678 3132 700 3146 ..
711 3133 717 3145 .
727 3099 828 3167 spiran-
908 3096 950 3149 32.
981 3096 1058 3168 Troja
1077 3096 1114 3150 bis
1134 3105 1225 3169 capta,
1245 3108 1295 3148 erc.
1315 3098 1371 3166 pri-

323 3172 468 3246 tia(Betis)
481 3171 537 3226 lore
551 3174 662 3242 trajecta
676 3187 753 3242 suut,
767 3172 826 3225 reli·
871 3195 943 3229 mum
964 3173 998 3229 ab
1021 3177 1080 3246 ipso
1105 3171 1235 3237 Hercule,
1262 3186 1373 3245 propter

323 3267 468 3327 gratumque
479 3251 512 3304 ad
524 3271 630 3306 currum
643 3267 744 3307 traxere
756 3256 826 3306 circa
872 3271 955 3325 equos
964 3251 1149 3305 Laomedontia
1158 3271 1214 3304 non
1223 3250 1315 3316 datos,
1328 3251 1373 3324 qui

324 3333 416 3386 urbem
424 3335 501 3407 equi3
511 3331 640 3406 gloriante
651 3332 826 3406 reqe‚Acbil-
871 3333 995 3404 promissi
1011 3332 1131 3392 fueram
1148 3332 1259 3394 iterum,
1275 3327 1373 3383 Graecis

324 3412 393 3480 lem,
407 3433 422 3466 a
435 3432 489 3487 quo
502 3431 587 3486 genus
600 3415 657 3484 ipse
668 3412 825 3482 deduceret,
873 3409 1116 3485 obpugnantibus,
1150 3426 1230 3481 quum
1266 3407 1374 3478 sagittas

324 3493 456 3546 imitatum
468 3510 565 3546 seesse
581 3509 661 3565 poena
676 3493 703 3544 in
723 3491 827 3546 hostem
872 3490 990 3563 ejusdcm
1006 3489 1142 3557 Herculis,
1157 3489 1185 3540 iu
1203 3487 1299 3560 quibua
1317 3506 1374 3541 sore

325 3567 487 3645 capiendus
871 3571 1002 3636 victorie,
1015 3567 1171 3622 Philoctetes
1185 3563 1330 3621 adtulisset.

362 3667 405 3720 29·
418 3648 563 3722 Deiphobus
569 3687 579 3716 ,
590 3647 706 3701 Helenus
712 3667 722 3710 ‚·
732 3647 827 3700 Priami
908 3649 951 3704 33.
963 3651 1130 3702 Memorator.
1143 3645 1210 3700 Vide
1223 3645 1257 3700 ud
1269 3649 1318 3714 w,
1329 3664 1373 3714 rr,

325 3725 389 3797 lilii,
411 3747 524 3800 quorum
544 3728 572 3779 in
595 3726 676 3780 altero
695 3727 829 3780 fortitudi-
874 3729 916 3783 50.
941 3758 978 3768 -
997 3728 1150 3784 Posterircte
1170 3743 1278 3780 crescere
1298 3726 1376 3780 sensit

325 3825 385 3860 nem
392 3844 402 3873 ‚
409 3806 435 3857 in
445 3805 528 3859 altero
538 3807 698 3859 vaticinandi
707 3807 828 3878 peritiam
873 3809 1002 3861 Homerus
1011 3825 1075 3880 opus
1082 3823 1165 3858 suum.
1174 3803 1240 3859 Vide
1250 3805 1374 3857 imitatio·

325 3884 436 3940 historie
449 3884 572 3938 celebrat.
583 3884 759 3956 Polydamas,
773 3886 827 3936 An·
873 3905 920 3940 nea
931 3885 1043 3939 Gallicas
1053 3881 1089 3937 ad
1099 3887 1135 3951 Π,
1149 3901 1176 3952 r,
1191 3883 1372 3938 au-Sensi'r.

326 3966 425 4018 tenoris
439 3981 470 4014 ex
482 3962 593 4015 Hecubae
603 3982 695 4016 sorore
705 3962 782 4016 lilius.
797 3992 828 4004 -
873 3966 923 4015 Pro
937 3982 989 4035 quo
1000 3963 1077 4016 sentit
1085 3959 1263 4014 broukhusius
1276 3981 1307 4015 ex
1318 3979 1373 4012 uuo

326 4041 589 4113 Codicea,acriptura
600 4056 737 4116 corruptas
749 4065 760 4088 a
770 4041 828 4092 Dei·
851 4041 854 4048 '
873 4041 987 4106 Codice,
999 4042 1052 4094 hoc
1067 4053 1121 4108 est,
1136 4043 1215 4094 etiam
1233 4059 1316 4105 nuno,
1332 4037 1373 4091 vel
