3128 4766
644 540 889 638 ELEGIA
919 537 1010 638 111ss
1120 597 1123 606 ·

678 777 739 843 DE
762 773 985 846 CYNTHIA.

778 1013 883 1036 Η

723 1215 948 1265 anonumum

351 1327 510 1395 Protractu
522 1333 556 1393 in
566 1352 665 1393 seram
675 1343 798 1394 noctem
808 1355 881 1396 cum
892 1333 999 1396 amicis
1011 1335 1167 1426 cqnvivio,
1178 1335 1282 1398 ebrius
1291 1335 1357 1398 adit

312 1423 481 1514 Cynthium
500 1441 531 1490 et
551 1423 688 1490 deditam
709 1449 778 1491 eam
798 1431 918 1492 invenit
938 1451 1049 1492 somno
1068 1433 1257 1514 Propertius.
1275 1433 1356 1496 nos-

313 1529 474 1602 utentem,
492 1524 645 1607 quidquid
659 1527 753 1586 Amor
766 1528 909 1602 suaserit,
923 1527 1053 1587 excitare
1064 1525 1156 1588 furtis
1169 1549 1236 1588 nou
1249 1548 1356 1602 ausus,

312 1624 439 1686 intentis
451 1621 590 1704 puellam
606 1613 738 1684 dirramr
750 1623 864 1700 oculis;
884 1644 958 1684 mox
974 1636 1065 1684 ornat
1084 1615 1213 1684 floribus
1231 1622 1358 1705 capillos

314 1739 479 1802 reparans;
495 1720 521 1779 si
535 1715 616 1780 forte
629 1720 715 1800 quies
727 1719 848 1781 turbari
861 1721 925 1782 vise
938 1723 994 1797 ait,
1010 1722 1114 1782 statim
1132 1721 1240 1782 anxius
1260 1733 1290 1781 et
1310 1718 1358 1781 iu·

315 1829 401 1877 nesta
418 1835 548 1897 pavens:
565 1815 665 1876 donec
678 1815 763 1877 lunae
775 1815 868 1877 radiis
881 1829 1054 1900 experrecta
1066 1815 1137 1894 ilia,
1151 1813 1306 1900 perfidum
1319 1814 1359 1876 ad

315 1935 345 1974 se
358 1911 458 1974 redire
474 1913 616 1990 taudem,
635 1933 729 1996 quem
743 1913 804 1976 alia
817 1936 884 1976 non
902 1915 1076 1992 admiserit,
1096 1926 1265 1975 amatorem
1284 1933 1359 1995 quea
1394 1962 1397 1970 .

315 2011 410 2087 ritur,
427 2009 502 2072 tales
522 2009 634 2072 habeat
652 2011 716 2093 ipse
728 2025 830 2075 noctes
843 2011 1025 2095 adprecaus,
1036 2011 1141 2096 quales
1149 2009 1241 2073 tudio
1254 2030 1360 2094 graves

316 2125 434 2192 semper
448 2109 482 2170 in
496 2129 602 2172 amore
615 2109 674 2171 sibi
688 2109 758 2172 sint

782 2303 893 2330 -ι-ἰ-

365 2413 509 2552 Quane
520 2445 650 2516 Thesea
658 2445 765 2542 jacuit
775 2441 914 2520 sedente
925 2453 1039 2518 carina

386 2555 561 2650 Languida
571 2557 712 2628 desertis
726 2563 852 2629 Gnosia
863 2559 1033 2643 litoribus,

362 2665 478 2752 Qualis
490 2679 525 2732 et
535 2664 697 2734 adcubuit
706 2671 818 2761 primo
829 2667 974 2761 Cepheia
986 2691 1107 2738 somno

410 2773 530 2842 Libera
537 2771 609 2869 jam
623 2774 717 2846 duris
731 2776 883 2848 cautibus
895 2765 1127 2862 Andromede

359 3012 381 3048 ι.
390 2993 480 3047 Jaeuit
489 2993 628 3069 ianprrida,
641 3007 736 3051 somno
747 2991 820 3052 ecili-
864 3003 931 3072 regis
943 2999 1096 3073 AEtiu'opun
1106 2995 1173 3064 iiiia,
1182 3009 1293 3072 propter
1305 2995 1363 3048 Car-

320 3075 536 3139 esa-Gnosta,
546 3067 821 3132 Ariidnaurbscrs
864 3083 952 3154 uiopes
965 3084 1055 3135 matris
1072 3077 1239 3150 superbiam,
1261 3095 1319 3148 que
1335 3093 1363 3130 re

321 3165 353 3206 te
371 3153 476 3207 Gnatus
497 3167 570 3219 eret,
594 3155 622 3206 iu
648 3174 703 3228 qua
721 3159 820 3230 rapiam
865 3159 994 3234 Nymphis
1007 3156 1167 3232 praetulerat,
1181 3155 1293 3226 adligata
1304 3172 1363 3209 teo·

320 3232 408 3283 Minoe
423 3229 527 3284 habuit.
541 3231 658 3287 Ariadna
671 3235 728 3304 ipsa
749 3234 821 3307 apud
865 3238 934 3311 pulit
946 3251 973 3290 et
986 3249 1102 3290 monstro
1113 3235 1215 3286 marino
1230 3235 1364 3306 exposita,

321 3310 401 3366 Ovid.
412 3309 537 3363 Heroidd.
547 3313 586 3380 X,
595 3311 629 3364 3:
644 3315 730 3382 «Que
742 3313 820 3387 legii,
865 3315 927 3368 dein
943 3316 1066 3367 aPeraeu
1080 3311 1199 3364 liberata.
1215 3311 1291 3364 Orid.
1306 3311 1365 3364 Me-

323 3389 425 3457 exilio,
438 3389 559 3458 Theseu,
572 3391 622 3444 tibi
637 3391 714 3444 litore
730 3395 822 3462 mitto,
866 3407 928 3446 tam.
943 3395 988 3460 IV,
1004 3392 1054 3444 662
1069 3408 1126 3463 sqq.
1141 3392 1237 3463 Hygia.
1252 3389 1305 3442 tab.
1318 3388 1362 3455 64.

322 3470 399 3522 Unda
409 3481 482 3521 tuam
492 3469 548 3522 eine
562 3487 603 3523 me
612 3469 671 3523 veie
684 3465 769 3524 tulere
780 3489 822 3526 ra·
866 3501 901 3510 —
910 3471 998 3522 Primo
1007 3485 1096 3521 somno
1105 3467 1241 3531 adcubuit,
1250 3468 1364 3539 primum

323 3563 391 3614 teau
408 3551 438 3601 in
452 3567 506 3622 quo
517 3567 560 3602 me
573 3568 735 3623 somnusque
748 3569 823 3604 meus
866 3563 943 3602 nacta
957 3565 1080 3600 somnum
1096 3545 1198 3599 cubuit.
1214 3547 1283 3600 Nam
1301 3563 1363 3598 ten-

323 3627 392 3680 male
410 3625 542 3700 prodidit,
557 3639 583 3679 et
594 3641 637 3694 tu,
656 3627 705 3679 Per
721 3627 823 3680 iaciuus
867 3647 924 3682 eum
936 3625 1289 3697 mardiesteeormmpimus‚
1301 3627 1322 3678 ai
1332 3625 1365 3678 da

324 3707 422 3758 somnis
437 3703 558 3758 insidiate
573 3707 670 3758 meia-
692 3705 759 3759 Vide
771 3707 823 3758 Ga-
867 3707 952 3779 prima
963 3707 1271 3778 nocteinterpretamur,
1285 3724 1365 3779 quam
1403 3763 1406 3772 ,

324 3784 383 3838 tuli.
400 3783 486 3838 Carra.
506 3787 602 3860 Lm,
622 3784 655 3840 52
675 3804 734 3859 sqq.
753 3789 823 3838 etin
866 3783 1001 3836 liberatori
1015 3801 1062 3836 suo
1078 3781 1168 3854 puelia
1183 3781 1291 3836 dederit
1311 3784 1366 3836 Ad·

325 3863 438 3917 Ariadna
468 3883 516 3920 tua
545 3867 673 3936 tragicum
704 3877 824 3918 uottrum
867 3863 1210 3936 eumbereetadeuiurepro
1225 3863 1365 3937 simpicit-

254 3941 261 3954 '
327 3941 441 3996 Thomas
453 3941 608 3996 ῦοιιιιιιιιι.
868 3944 926 3995 bare
941 3959 1143 4014 nonnumquam
1160 3961 1218 3996 erse
1235 3944 1366 4015 positum,

361 4019 387 4072 3.
404 4017 516 4090 Cepheia
529 4018 708 4084 Andromede,
723 4015 823 4091 Cephei
867 4019 1085 4093 Lachmann.(ad
1095 4022 1146 4090 tt,
1161 4039 1207 4088 ιι,
1222 4021 1272 4092 ιι)
1282 4032 1368 4086 uiten-
