3122 4756
647 575 898 672 ELEGIA
928 575 991 667 ll.

663 780 725 843 nn
749 777 975 842 uturum.

705 1139 936 1177 ARGUHEMW.

333 1241 448 1322 Captus
465 1243 577 1299 iteruin
590 1261 608 1298 a
624 1235 780 1320 Cynthia,
800 1237 871 1297 Jovi
889 1236 1050 1297 servitium
1064 1257 1157 1296 suum
1171 1237 1349 1319 Propertius

292 1337 472 1420 exprobrat,
489 1337 633 1397 nondum
652 1336 742 1395 terris
755 1348 891 1416 ereptam
910 1334 1027 1394 mirans
1046 1347 1110 1392 tarn
1126 1332 1289 1417 pulchrum
1303 1331 1347 1392 fa-

292 1435 381 1495 ciem.
400 1436 474 1494 Esse
487 1455 560 1495 sene
573 1433 719 1514 dignam,
734 1451 830 1514 qnam
842 1429 891 1491 vel
908 1432 974 1513 ipse
990 1432 1110 1512 Jupiter
1126 1443 1230 1491 amet:
1247 1429 1348 1491 Ischo·

292 1531 422 1592 macheu
438 1531 540 1607 iliam,
555 1531 770 1614 Proserpinam
785 1528 873 1587 illem
888 1547 966 1603 esse,
985 1527 1071 1588 illam
1088 1527 1188 1588 forme
1202 1549 1348 1610 superare

291 1627 378 1703 dens;
398 1629 511 1711 quibus
528 1641 576 1688 tot
596 1627 688 1689 bonis
705 1625 787 1716 absit
809 1637 843 1685 ut
862 1645 1013 1707 umquam
1035 1639 1173 1686 senectus
1192 1624 1346 1687 damnum

291 1724 390 1785 nilum
406 1721 545 1784 adferat!

759 1839 869 1856 ...-

337 1921 459 2033 Ltuen
473 1989 583 2050 eram,
600 1983 633 2036 et
645 1991 754 2034 vacuo
770 1965 958 2032 meditabor
972 1965 1082 2032 vivere
1096 1962 1203 2033 lecto:

381 2081 424 2144 At
436 2099 491 2142 me
504 2079 691 2170 composito
703 2099 786 2169 pace
801 2073 919 2141 fefellit
931 2081 1044 2142 Amor.

334 2193 402 2253 Cur
417 2169 535 2254 haec'in
547 2193 646 2258 terris
659 2189 761 2256 facies
773 2185 923 2254 hnmana
934 2193 1108 2256 moraturi

380 2301 399 2364 J
402 2300 551 2390 uppiter,
566 2302 688 2392 ignoro
702 2300 842 2393 pristina
857 2296 948 2364 furta
963 2314 1031 2365 tue.

333 2407 441 2476 Fulva
453 2433 550 2478 coma
560 2427 627 2494 cst,
641 2409 820 2504 longaeque
832 2433 971 2490 manus,
987 2424 1021 2474 et
1033 2409 1178 2476 maxime
1189 2423 1260 2476 toto
1326 2420 1343 2472 5

381 2521 548 2612 Corpore3
560 2537 594 2587 et
604 2518 732 2587 incedit
743 2517 797 2584 vet
811 2523 895 2585 Jove
909 2518 1009 2610 digne
1021 2541 1131 2601 soror,

325 2689 346 2724 t.
360 2674 436 2724 Hanc
451 2686 477 2725 et
492 2688 645 2745 sequentem
662 2673 789 2744 elegiam,
833 2671 1100 2725 Dictumhoceodem
1111 2671 1202 2741 modo,
1216 2693 1269 2746 qno
1279 2695 1342 2748 pro-

286 2749 788 2826 qnasBronirhusinsBurmannusqne,
834 2771 934 2804 nomen
966 2752 1022 2806 Itta
1052 2755 1179 2806 usitatum
1204 2757 1342 2827 Propertio

284 2827 389 2881 dnobus
400 2829 427 2879 in
440 2847 520 2881 unam
531 2833 647 2896 coactis,
657 2831 788 2904 Scaligero
832 2835 982 2888 notavimus
996 2833 1032 2886 ad
1043 2837 1071 2900 1,
1090 2852 1137 2903 tn,
1150 2835 1175 2888 3.
1193 2863 1230 2876 -
1242 2839 1341 2909 Ipnoro

284 2918 417 2975 preeunte
430 2908 627 2960 confusissimae
646 2910 789 2980 exhibent,
828 2913 906 2984 furta
922 2925 982 2980 tuo,
993 2929 1019 2968 te
1031 2915 1191 2987 gaudentem
1201 2919 1277 2971 furtis
1292 2938 1340 2971 ne-

284 2984 426 3055 sepa'ratim
445 3003 516 3038 nunc
537 2991 637 3059 positas
653 2993 789 3045 restitutas
835 3012 967 3066 quaquam
980 3013 1107 3066 agnosco.
1121 2998 1256 3068 Insignem
1265 2997 1340 3050 furtis

284 3063 385 3133 accipe.
406 3091 443 3104 -
465 3065 542 3117 Lt'ber
563 3085 652 3138 eram,
673 3085 724 3123 etc.
749 3073 788 3124 De
833 3074 885 3128 iliis
900 3078 1069 3134 meminimus
1081 3078 1182 3130 Jorem.

279 3142 368 3211 'primo
383 3139 436 3194 hoc
451 3143 564 3198 disticho
579 3147 638 3202 vide
656 3152 789 3224 subjectas
870 3157 895 3208 5.
912 3157 996 3208 Fulvo
1008 3174 1083 3210 coma
1097 3169 1123 3209 et
1137 3157 1220 3224 iiam,
1234 3176 1337 3211 summo

283 3219 317 3271 ad
328 3221 456 3291 Propertii
466 3226 552 3276 Vitem
566 3226 788 3301 Chronoiogicam
833 3233 929 3288 habitae
937 3239 963 3287 in
973 3235 1077 3287 honore
1086 3233 1226 3288 veteribus.
1234 3237 1339 3289 -Lon-

282 3312 379 3368 notas,
400 3319 480 3372 snpra
504 3325 565 3378 pag.
588 3325 629 3378 ¹7·
645 3339 681 3350 -
699 3313 788 3365 Vacuo
831 3333 872 3390 9oe
889 3333 990 3366 uranus.
1010 3313 1113 3364 Laudat
1129 3311 1220 3366 itidem
1244 3333 1338 3369 manus

283 3377 349 3430 iectc
357 3418 366 3446 ,
380 3378 486 3448 caelibe,
501 3386 545 3454 qui
556 3385 589 3437 sit
601 3385 706 3441 clausus
715 3409 786 3443 nmo·
828 3393 977 3467 procemias
987 3393 1127 3464 Apuleius,
1137 3392 1234 3448 Florid.
1247 3397 1279 3462 11,
1295 3395 1337 3450 15.

282 3455 365 3510 ribus.
393 3487 429 3498 -
453 3463 608 3518 Meditabar.
638 3468 786 3538 Qnoerebam
831 3503 867 3516 -
888 3477 998 3545 Corpore
1021 3485 1074 3528 toto
1095 3474 1238 3526 maxinmm
1257 3475 1337 3528 intei-

283 3533 482 3606 Brouirhusius,
507 3543 691 3612 Burmannus,
715 3547 787 3600 Καὶ·
832 3547 899 3618 iige,
926 3559 1025 3600 statura
1046 3567 1156 3619 prorsus
1176 3559 1336 3627 maximam,

283 3612 387 3666 noeiA
405 3617 539 3689 Scaligero
556 3620 609 3676 hoc
629 3639 684 3692 cst,
708 3645 787 3698 quem
831 3627 919 3698 posito
935 3624 979 3677 hic
1002 3625 1135 3680 vocabulo
1157 3641 1223 3687 totns
1240 3633 1337 3690 adver·

283 3693 386 3746 videtur
398 3698 517 3768 ejusdem
528 3701 599 3753 verbi
609 3706 732 3774 repetitio
742 3705 786 3760 ‹ie-
831 3705 950 3770 bietine,
964 3719 994 3758 ut
1009 3725 1067 3778 esse
1079 3707 1192 3765 diximus
1202 3711 1249 3766 lib.
1261 3719 1288 3783 1,
1303 3717 1335 3787 5,

283 3775 383 3845 cepisse
405 3798 410 3826 :
431 3796 479 3848 pro
498 3793 529 3831 ut
550 3781 620 3832 enim
644 3801 734 3837 versus
757 3787 785 3837 in
831 3800 875 3837 aa.
895 3815 931 3824 -
948 3787 984 3838 Et
998 3787 1110 3858 incedit,
1126 3805 1178 3843 etc.
1201 3795 1336 3851 Orationis
1437 3801 1441 3806 '

281 3851 448 3924 disponendo
458 3860 575 3911 carmine
585 3862 734 3931 trajecerat,
745 3883 785 3918 se-
830 3862 897 3916 dura
916 3881 942 3918 et
960 3867 1087 3940 impedita
1105 3878 1284 3942 constructio,
1306 3893 1336 3932 nt

282 3934 415 4004 quebetur
429 3938 576 4008 Quaerebam
587 3941 653 3995 sicca
662 3943 685 3996 si
693 3958 785 4018 posset,
830 3961 886 3996 non
897 3963 957 3998 reru
971 3947 1044 4019 apud
1054 3950 1191 4004 Nostrum.
1203 3955 1242 4008 tta
1252 3974 1333 4029 cape:

282 4015 328 4085 qui
343 4015 490 4072 versiculus
504 4019 593 4092 elegiae
609 4023 690 4074 tertie
708 4027 786 4098 quin-
834 4025 887 4076 ·Et
903 4027 1020 4095 incedit,
1039 4049 1097 4103 qum
1110 4032 1151 4085 vei
1161 4033 1241 4106 digna
1258 4054 1334 4089 soror

282 4104 325 4144 tus
340 4107 388 4145 est.
482 4175 487 4186 Ι
743 4145 752 4176 ,
830 4103 1049 4178 habeatnrJori,
1068 4126 1115 4165 eut
1134 4113 1233 4168 incedit
1248 4115 1333 4171 Pelles

317 4171 344 4223 3.
357 4171 420 4226 Hoec
426 4171 511 4243 sactes
521 4175 651 4250 homene,
664 4181 784 4256 Cynthia.
831 4184 928 4260 (qualis
934 4187 1018 4244 Paliae
1027 4191 1093 4266 est),
1103 4211 1183 4266 quum
1195 4193 1332 4254 Dulichias
