3122 4756
537 569 786 666 ELEGIA
816 571 922 669 XV.

550 809 612 872 AD
634 809 906 875 GYNTHIAM.

683 1062 787 1075 ...—

246 1227 283 1287 ln
296 1247 332 1288 eo
346 1227 523 1309 Propertius
536 1239 571 1288 ut
585 1249 616 1288 se
630 1231 708 1288 mari
724 1230 913 1303 committat,
928 1226 1076 1309 frigidum
1093 1240 1196 1312 pectus
1210 1228 1258 1288 in·

155 1397 158 1408 ¹
206 1337 293 1385 cusat
315 1322 474 1407 Cynthiae,
496 1345 564 1407 quae
586 1326 638 1384 vix
658 1327 790 1386 amantis
811 1325 984 1408 periculum
1010 1327 1161 1407 cogitans,
1185 1325 1258 1384 dare

207 1421 315 1482 formae
329 1419 480 1500 gaudeat,
497 1433 532 1481 ut
544 1423 642 1502 prius,
661 1443 804 1506 operam,
820 1444 877 1484 nec
892 1423 931 1485 de
944 1425 1044 1484 cultus
1057 1438 1087 1484 et
1100 1423 1258 1501 elegantiae

206 1517 310 1580 studio
321 1516 494 1599 quidquam
506 1519 668 1580 remittere.
681 1520 753 1580 Non
765 1520 806 1580 sic
816 1520 957 1602 Ulyssem
969 1521 1100 1604 Calypso
1113 1519 1184 1596 sibi,
1196 1539 1260 1579 non

207 1621 248 1678 sic
269 1617 347 1698 eripi
371 1617 428 1677 sibi
452 1616 528 1676 vidit
550 1617 722 1699 Hypsipyle
744 1619 891 1679 lasonem
914 1638 1006 1678 suum
1029 1639 1037 1676 ε
1063 1618 1098 1678 in
1120 1616 1259 1696 exemplo

207 1714 319 1788 fuisse,
336 1733 413 1794 quas
429 1713 568 1773 aemulari
584 1711 768 1792 gloriaretur
783 1713 865 1795 ipsa,
884 1729 949 1775 tam
965 1714 1099 1774 illustres
1119 1713 1258 1796 femiryas.
1285 1718 1291 1732 '

208 1811 318 1872 Desine
329 1807 435 1891 jurare
449 1809 560 1884 fidem3
574 1830 658 1870 nova
672 1811 761 1870 mitte
776 1809 909 1895 perjuria
924 1834 930 1870 ε
946 1810 1067 1872 mollire
1082 1811 1175 1871 disces
1191 1811 1259 1868 ani-

207 1929 313 1982 mum,
330 1907 355 1966 si
372 1905 500 1989 quando
516 1920 549 1966 tu
566 1927 688 1988 quoque
704 1907 814 1966 acerba
828 1908 948 1968 sentias.
966 1908 1149 1968 Mensurum
1165 1931 1195 1972 se
1211 1909 1259 1966 ni·

207 2003 376 2064 hilominus
388 2001 486 2063 lidum
498 2002 608 2086 puelloe
620 2022 697 2077 suae3
707 2003 858 2086 quidquid
871 2005 984 2081 levem,
997 2004 1151 2087 quidquid
1162 2008 1260 2088 ingra-

208 2113 272 2159 tam
286 2119 317 2159 se
328 2111 429 2179 gerat,
442 2099 533 2160 unice
548 2099 691 2160 dilectam
706 2099 762 2160 tibi
774 2119 893 2182 semper
904 2100 972 2161 fore
984 2100 1161 2182 Cyntlriam.
1177 2102 1260 2162 Proh

209 2197 359 2280 pallorem
370 2194 434 2278 ejus
446 2211 476 2256 et
486 2194 653 2280 lacrymas,
663 2195 742 2257 falsa
754 2196 871 2258 doloris
881 2199 1010 2279 quaesita
1022 2199 1122 2278 signa!
1134 2199 1162 2258 Ο
1173 2199 1261 2260 blan·

209 2293 308 2370 ditiis,
323 2307 480 2369 amantes,
496 2315 591 2376 quam
606 2294 687 2354 male
698 2306 802 2354 tutum
815 2294 949 2354 credete!

681 2521 792 2537 a*

260 2647 364 2759 Sues
375 2670 438 2782 ego
449 2689 558 2758 multa
570 2706 636 2757 tuae
648 2687 791 2757 levitatis
804 2686 888 2755 dura
901 2688 1075 2784 timebam,

304 2806 376 2869 Hac
389 2817 504 2870 tamen
519 2817 675 2893 excepta,
688 2799 849 2894 Cynthia,
862 2799 1014 2892 perfidia.
1149 2791 1152 2798 “

257 2912 415 3006 Adspice,
429 2939 484 2982 me
496 2929 623 3010 quanto
638 2915 745 3008 rapiet
757 2919 905 2980 Fortuna
915 2913 1042 3008 periclo
1056 2939 1062 2976 :

304 3029 357 3094 Tu
371 3028 532 3094 tamenin
544 3043 660 3094 nostro
672 3023 764 3092 lenta
775 3027 894 3091 timore
906 3025 1019 3105 venis;

259 3137 300 3201 Et
310 3153 406 3227 potes
420 3127 596 3204 hesl'eruos
608 3134 764 3206 manibus
777 3157 980 3226 componere
992 3137 1115 3216 crines,
1246 3145 1261 3198 5

305 3251 347 3315 Et
357 3246 459 3341 longa
472 3247 592 3316 faciem
605 3270 757 3344 quaerere
769 3243 913 3330 desidia,

260 3361 328 3426 Nec
338 3360 452 3427 minus
465 3361 541 3428 Eois
555 3375 673 3452 pectus
684 3361 812 3427 variare
824 3355 965 3450 lapillis,

251 3599 273 3634 r.
289 3581 440 3648 Timebam,
460 3585 543 3636 timui.
556 3583 624 3636 Vide
636 3601 715 3656 supra
760 3595 846 3650 mota,
857 3593 886 3633 ut
897 3583 936 3648 ll,
952 3581 999 3649 14,
1012 3601 1060 3635 vos.
1075 3581 1106 3648 14
1118 3595 1143 3632 et
1155 3596 1197 3631 aa.
1210 3579 1261 3634 Ve-

214 3671 269 3711 uot.
282 3658 316 3712 ad
329 3659 396 3732 eleg.
416 3675 463 3728 ro,
479 3678 504 3714 α.
760 3662 829 3730 nire,
846 3663 951 3728 sentiri,
965 3681 1030 3714 esse.

249 3740 275 3792 3.
284 3739 408 3814 Adspice,
419 3753 468 3794 ete.
481 3740 633 3793 Periculum
643 3738 715 3792 istud
795 3741 820 3794 5.
842 3741 981 3795 Hestemos
1003 3744 1098 3806 σνὶιιες,
1121 3739 1261 3809 disjectos,

214 3821 292 3872 muris
310 3819 428 3892 intellige
446 3841 453 3872 ε
475 3824 655 3892 conjecturam
672 3820 714 3872 lir-
759 3819 816 3873 heri
831 3837 899 3892 quos
914 3817 1139 3871 ornaveras-Et
1148 3816 1260 3884 faciem,

213 3912 281 3966 mat,
293 3919 373 3972 quem
383 3900 494 3972 primam
504 3901 591 3954 statim
599 3898 714 3973 puellam
759 3897 876 3972 lepores,
885 3895 1150 3970 venustatem,lon9o
1161 3894 1194 3947 etl
1205 3914 1261 3967 spe·

213 3975 364 4049 Propertius
386 3981 412 4030 in
436 3976 584 4050 exemplum
607 3976 715 4031 adducit
759 3979 849 4032 culum
861 3979 1089 4049 desidiaquoerere.

214 4071 266 4107 vss.
277 4071 343 4124 9-¹
351 4073 373 4108 2.
381 4057 516 4124 -Lenta,
525 4057 560 4109 nil
570 4054 714 4129 quidquem
796 4074 820 4126 7.
835 4057 927 4110 Pectus
939 4057 1038 4108 variare
1049 4053 1156 4128 lapillis.
1172 4053 1261 4108 Godcx
