3128 4766
457 331 547 394 PEll
570 327 728 394 ANNOS
751 329 962 396 DlGESTA.
1026 355 1028 358 ·
1190 329 1230 396 25

187 479 253 540 sqq.
262 501 271 531 ‚
281 474 379 537 quum
390 465 496 514 tamen
506 453 550 513 ibi
562 451 602 513 de
611 452 673 514 alia
683 453 777 534 longe
789 454 983 537 expeditione
993 455 1027 514 in
1040 451 1171 514 Parthos
1179 473 1235 536 per

189 555 299 614 Gaium
310 571 408 614 sermo
422 552 479 612 sit:
493 549 563 610 vide
574 551 710 610 Messon.
722 551 787 610 vit.
797 549 890 610 Orid.
900 549 1046 612 Chronol.

507 715 540 765 A.
552 713 585 764 o.
599 712 628 764 c.
643 677 852 785 731;Pr01bertil
866 713 909 765 aa

348 794 436 847 Cesar
446 793 580 862 Augustus
591 793 644 854 xl;
656 792 688 845 Δ.
698 793 840 846 Terentius
850 793 934 844 Varro
945 791 1071 845 Muraena.

230 929 274 990 M.
292 925 431 988 Marcelli
447 945 550 1002 mors,
564 926 598 985 in
613 945 710 1008 quam
722 924 870 1007 preclare
884 935 980 985 exstat
997 923 1094 1006 elegia
1109 925 1239 1006 Proper·

194 1027 229 1086 tii
241 1028 301 1102 111,
317 1027 366 1087 18.

233 1123 388 1204 Augustus
402 1133 549 1204 praeterea
563 1119 621 1181 sub
636 1119 732 1180 linem
749 1120 825 1180 anni
839 1119 977 1201 captivos
990 1131 1021 1180 et
1033 1119 1119 1200 signa
1132 1139 1151 1178 a
1164 1119 1239 1178 Par-

193 1219 254 1282 tbis
269 1221 397 1304 repetit3
416 1217 502 1299 quod
516 1218 707 1301 postulatum
721 1219 746 1277 si
760 1232 907 1299 negatum
926 1217 1051 1293 fuisset,
1067 1215 1186 1278 bellum
1205 1219 1239 1278 in

192 1317 322 1380 Parthos
340 1330 514 1401 susceptum
536 1317 574 1376 iri
593 1317 726 1400 suspicio
749 1328 814 1377 erat
835 1316 961 1390 Romte3
984 1315 1063 1397 quin
1082 1317 1177 1376 etiam
1202 1315 1241 1376 de

192 1417 277 1480 ludis
291 1414 487 1498 subjiciendis
509 1415 594 1474 varia
609 1415 716 1476 Romae
732 1414 847 1495 agitata
865 1412 959 1474 fuisse
978 1412 1139 1496 probabile
1155 1411 1239 1473 vide·

193 1527 262 1576 tur:
274 1515 314 1575 cf.
328 1515 389 1590 lll,
401 1510 437 1589 4,
451 1524 481 1572 et
491 1511 562 1572 vide
574 1513 675 1595 Heyn.
687 1512 750 1572 vit.
766 1509 874 1592 Virgil.
887 1509 918 1572 h.
932 1532 960 1571 a.
972 1523 1003 1572 et
1018 1511 1055 1572 U.
1067 1512 1102 1572 C.
1115 1507 1173 1594 734
1184 1508 1240 1590 lin.

193 1610 324 1671 Videtur
337 1609 486 1670 nimirum
505 1607 536 1668 id
557 1608 674 1688 negotii
691 1607 799 1668 datum
819 1606 913 1668 luisse
931 1606 1008 1668 AElio
1022 1606 1131 1682 Gallo,
1146 1605 1240 1688 paulo

195 1721 265 1769 ante
287 1718 546 1779 commemorato,
567 1719 604 1765 ut
626 1704 703 1766 adeo
725 1703 832 1786 elegiae
855 1705 1081 1788 Propertianae‚
1105 1703 1242 1764 Parthici

195 1803 384 1864 mentionem
398 1801 472 1863 belli
483 1800 648 1876 facientes,
664 1799 705 1860 ad
723 1798 807 1861 hunc
826 1820 945 1860 annum
965 1813 996 1861 et
1013 1799 1242 1862 antecedentem

196 1899 355 1960 Arabicam
378 1896 607 1981 expeditionem
626 1896 717 1958 simul
736 1895 903 1958 referendae
925 1897 1100 1964 videantur.
1116 1899 1242 1958 Frustra

195 2001 278 2058 enim
298 1997 442 2058 Heinsius
449 2039 460 2072 ,,
472 1996 511 2057 ad
531 2015 654 2056 carmen
668 1993 741 2055 libri
762 1995 864 2076 quarti
875 1995 1021 2071 tertium,
1031 1994 1070 2055 de
1089 1995 1127 2056 C.
1139 1995 1242 2055 Caesio

196 2093 361 2176 Longino,
378 2093 478 2154 Crassi
495 2093 529 2152 in
542 2092 630 2175 Syria
646 2103 820 2172 questore,
836 2091 976 2174 adeoque
992 2093 1026 2151 A.
1042 2093 1081 2152 U.
1100 2111 1176 2172 712,
1190 2110 1243 2150 co-

197 2190 273 2270 gitat
291 2191 346 2269 (in
359 2188 480 2249 advers.
495 2189 526 2264 1,
542 2209 575 2262 2,
589 2207 660 2270 pag.
677 2189 740 2267 η).
856 2205 858 2210 ’

237 2285 322 2364 Quin
341 2283 391 2345 hic
404 2287 470 2370 ipse
482 2305 584 2346 annus
604 2283 682 2344 mibi
695 2283 819 2344 videtur
839 2282 908 2361 ille,
923 2303 987 2364 quo
1006 2283 1186 2364 Propertius
1207 2281 1243 2341 lt·

197 2385 290 2445 brum
310 2383 480 2445 secundum
499 2396 529 2444 et
548 2385 675 2444 tertium
698 2381 867 2464 elegiarum
888 2401 1015 2442 suarum
1033 2379 1150 2462 publici
1166 2379 1244 2463 juris

197 2482 284 2560 fecit3
299 2496 335 2544 ut
348 2481 424 2544 adeo
438 2483 472 2543 bi
487 2495 547 2542 tres
562 2481 730 2562 elegiarum
748 2481 821 2542 libri
835 2479 1032 2562 intelligendi
1047 2479 1126 2554 sint,
1145 2498 1244 2560 quum

198 2578 590 2662 poetall‚13,25‚canit:

383 2721 423 2767 set
431 2735 483 2766 mee
490 2733 525 2768 rat
532 2735 617 2782 magna
626 2732 661 2768 eat
669 2721 688 2767 si
697 2730 741 2768 tres
750 2722 797 2768 tint
805 2735 890 2784 pompe
901 2719 984 2774 libelli,

416 2793 481 2852 Quot
488 2805 532 2854 ego
541 2791 696 2856 Persephone
704 2794 802 2839 maxima
811 2792 873 2838 dona
880 2791 963 2839 feram.

201 2914 304 2994 Neque
317 2915 400 2974 enim
417 2913 519 2997 plures
533 2913 662 2976 fonasse
671 2913 770 2977 libros
781 2915 870 2976 edere
883 2918 1094 2991 constituerat,
1109 2928 1140 2978 et
1154 2937 1246 2998 quar-

200 3022 250 3069 tus
268 3009 469 3091 deindepost
486 3008 694 3090 ejusmortem
712 3010 752 3070 ab
770 3012 869 3072 amico
889 3011 1026 3092 quodam
1045 3013 1171 3095 reliquis
1190 3013 1245 3074 ad-

197 3105 294 3188 jectus
314 3107 384 3168 fuit.
402 3108 542 3185 Accedit,
564 3106 651 3188 quod
673 3111 812 3190 quinque
833 3111 986 3170 servitutis
1007 3113 1083 3172 anni
1103 3110 1246 3194 Cynthiae

200 3205 344 3285 prestita
364 3205 445 3286 (ΙΙΙ,
466 3203 518 3282 25,
538 3205 572 3285 3)
582 3203 649 3287 jam
663 3209 697 3265 A.
716 3207 754 3266 U.
776 3208 835 3289 728
850 3208 944 3268 tinem
958 3226 1050 3271 suum
1065 3210 1247 3292 consequuti

201 3301 334 3361 luerent.
348 3299 475 3378 Quodsi
488 3302 557 3383 quis
572 3323 608 3362 ex
628 3322 678 3363 me
693 3316 828 3386 quaerat,
849 3323 905 3365 cur
916 3325 952 3365 ea
973 3305 1038 3386 ipsa
1052 3305 1149 3387 elegia
1166 3305 1247 3364 libro

201 3396 333 3458 mundo
347 3395 486 3480 legatur,
505 3420 605 3480 neque
621 3400 747 3460 demum
763 3403 876 3475 tertio,
893 3399 991 3462 facilis
1010 3413 1054 3462 est
1072 3401 1246 3485 responsio:

201 3496 352 3577 quoniam
359 3495 510 3556 nimirum
525 3517 624 3580 neque
635 3497 830 3580 Propertius,
838 3519 940 3579 neque
951 3500 1098 3561 Horatius
1109 3498 1249 3559 carmina

202 3611 256 3650 sua
278 3587 388 3650 ordine
407 3588 627 3674 chronologico
646 3595 815 3675 composite
832 3593 1012 3669 ediderunt,
1033 3592 1085 3654 sed
1104 3591 1156 3651 ille
1174 3611 1248 3674 pro·

203 3689 318 3749 misene
336 3684 468 3770 conjecit
486 3689 521 3748 in
537 3689 608 3751 illos
628 3689 704 3751 duos
729 3690 826 3752 libros
849 3690 998 3775 quidquid
1020 3691 1187 3774 elegiarum
1210 3688 1249 3749 ad

203 3809 334 3849 menum
351 3803 431 3864 erat,
451 3789 538 3850 sicuti
552 3791 698 3852 Horatius
712 3790 788 3852 odas
805 3791 879 3852 libri
893 3791 949 3853 let
966 3793 1012 3867 ll,
1030 3810 1096 3852 uno
1109 3803 1249 3872 tempore

203 3884 396 3968 conjunctim
409 3885 500 3963 editi,
516 3891 691 3973 promiscue
708 3889 881 3965 ordinavit,
898 3892 944 3951 uti
954 3887 1021 3971 jam
1040 3902 1151 3950 contra
1170 3889 1249 3949 Ben-

203 3983 311 4048 tleium
325 3988 504 4048 monuimus
521 3989 554 4048 in
570 3989 637 4049 Deo
652 3991 684 4054 V
680 3987 851 4072 orlesuapen
868 3991 940 4048 iiber
951 3988 1045 4067 einiqe
1060 3983 1184 4067 Eleqien
1201 3985 1249 4046 des
