3128 4766
485 378 575 442 PER
595 377 751 444 ANNOS
769 377 983 445 Dtosss'ra.
1145 404 1150 412 ·
1235 407 1255 470 7

217 501 262 562 uti
277 499 406 582 agnovit
415 517 541 580 quoqne
562 495 668 560 doctus
684 498 803 580 anglus
816 498 989 561 Grusius‘in
1004 501 1053 562 tbe'
1065 502 1148 562 biver
1161 504 1200 586 of
1209 500 1258 564 tbe

216 599 331 658 Βοιιιαιι
350 608 446 678 poets,
463 595 527 656 vol.
545 595 575 672 1,
598 617 629 678 p.
657 592 729 672 rod,
749 597 956 678 iuterpretatt.
977 597 1124 659 German.
1145 595 1257 659 Christ.

216 695 310 756 fleur.
322 691 489 767 Schmidii,
503 693 558 773 qni
569 692 734 754 nobiscum
745 691 837 769 lach,
850 707 882 754 et
893 693 1037 756 eumdem
1051 697 1087 755 Δ.
1098 696 1137 756 U.
1150 696 1184 758 G.
1198 713 1258 778 702

215 791 373 873 Propertio
384 789 527 870 adsignat
540 787 693 867 natalem,
704 789 774 852 licet
788 790 880 851 aliam
896 809 989 851 teram
999 793 1084 872 sequi
1098 792 1257 870 videatur,

215 890 307 951 unico
320 909 405 950 anno
420 899 573 962 anostra,
586 907 655 968 quae
669 889 866 950 Varroniana
877 901 940 964 est,
953 889 1156 953 differentem.

252 989 298 1048 De
309 987 409 1070 patria
422 987 575 1068 Propertii
591 1005 678 1046 nova
690 985 886 1048 subnascitur
905 985 1087 1066 difficultas,
1101 989 1178 1050 dum
1191 1008 1259 1052 non

214 1099 347 1168 septem,
360 1083 413 1145 sed
425 1083 474 1145 vel
484 1103 595 1145 novem
609 1083 718 1158 urbes,
733 1085 805 1145 utie
816 1085 970 1149 Donuolae
982 1085 1091 1148 libello
1105 1086 1141 1148 de
1150 1087 1256 1148 Pania

213 1183 354 1265 Propertii
375 1193 518 1257 constat,
541 1181 580 1242 de
601 1179 662 1244 boc
681 1182 762 1244 inter
783 1203 815 1244 se
834 1197 952 1245 certam
967 1182 1099 1247 bonore.
1113 1185 1258 1248 Attamen

212 1279 315 1363 plures
327 1279 440 1340 barum
453 1279 579 1342 urbium
592 1292 666 1341 sunt
680 1279 728 1341 vel
739 1281 918 1344 mentioris
929 1282 1075 1366 originis,
1090 1282 1134 1346 ita
1151 1295 1189 1344 ut
1201 1283 1258 1344 diu

213 1393 281 1462 post
291 1379 489 1462 Propertium
500 1379 604 1462 ipsum
615 1393 696 1441 natea
713 1380 792 1455 aint3
812 1380 918 1442 velita
937 1382 999 1444 situ
1012 1402 1069 1444 suo
1082 1381 1258 1465 disposita,

213 1490 247 1536 ut
264 1474 486 1556 descriptioni,
499 1495 596 1556 quam
608 1485 700 1556 poeta
717 1474 825 1536 desua
842 1474 1049 1558 subpeditarit
1062 1477 1180 1559 patria,
1197 1479 1257 1540 mi·

213 1577 296 1638 nime
307 1574 532 1657 respondeant,
542 1571 700 1654 adeoque,
712 1574 850 1636 veritatis
862 1575 893 1634 ri
905 1575 1049 1658 repulsae,
1061 1575 1099 1638 de
1107 1578 1258 1659 petitione

212 1693 266 1734 aua
289 1673 487 1756 Propertium
502 1671 563 1734 sibi
579 1671 758 1733 vindicandi
776 1670 923 1735 decedere
937 1686 1099 1755 cogantur.
1115 1675 1259 1752 Quatuor

212 1769 304 1852 igitur
322 1769 467 1850 inprimis
484 1766 577 1830 urbes
598 1779 729 1844 restant,
745 1787 815 1848 quaa
833 1766 968 1830 celebres
985 1769 1058 1831 satis
1074 1788 1110 1831 aa
1128 1769 1256 1834 disertos

211 1885 307 1928 eamn
320 1887 382 1928 suae
399 1877 550 1948 patronos
565 1875 663 1926 namn
677 1877 767 1942 sunt,
788 1883 983 1946 quarumque
993 1862 1066 1946 jura
1075 1863 1143 1947 jaan
1160 1866 1255 1928 adcu-

212 1963 304 2024 ratius
318 1961 358 2024 ad
369 1983 497 2024 namen
508 1959 649 2022 vocanda
660 1974 748 2036 sunt,
766 1972 802 2021 ut
809 1961 971 2043 adpareat,
981 1960 1151 2024 secundum
1160 1983 1255 2044 φιιιιιι

211 2059 341 2132 illarum¹
350 2059 500 2122 vindicias
515 2057 589 2119 dare
605 2057 760 2139 integrum
771 2054 910 2138 judicem
923 2057 1037 2118 deceat.

247 2157 359 2220 Tribus
370 2157 405 2219 in
415 2155 492 2217 locis
503 2155 680 2238 Propertius
691 2154 730 2216 de
743 2155 844 2237 patria
859 2175 914 2216 sua
930 2155 1001 2236 egit.
1013 2155 1039 2214 E
1053 2155 1157 2236 primo
1168 2153 1253 2218 loco,

211 2273 320 2338 nempe
334 2253 386 2316 lib.
401 2254 433 2329 l,
450 2251 527 2333 eleg.
548 2272 602 2338 aa,
617 2250 759 2334 adparet,
773 2252 937 2313 Umbriam
952 2249 1016 2333 ejus
1032 2271 1094 2314 etse
1110 2253 1252 2335 patriam.

210 2348 614 2414 Sicenimaitad'lullum:
1216 2399 1222 2404 .

390 2491 533 2538 SiPerusina
544 2488 932 2553 tibipatrinantaotasepnles,

209 2903 316 2965 Obiter
327 2915 450 2962 tantum
473 2901 620 2978 observo,
638 2900 790 2962 Penatium
810 2901 927 2983 ipsam,
948 2921 1017 2982 quta
1035 2903 1126 2964 Giatti
1143 2903 1252 2987 opinio

208 3013 267 3078 est,
285 3019 351 3059 nou
365 3019 455 3079 posse
468 2999 603 3082 patriam
617 3009 716 3080 poete
730 2995 854 3075 baberi,
871 3017 971 3080 neque
985 2997 1062 3058 adeo
1076 2999 1109 3058 in
1125 3019 1250 3059 censum

209 3109 341 3180 quatuor
351 3093 475 3155 illarum
495 3092 620 3153 urbium
639 3093 759 3168 venire,
775 3113 844 3175 quae
863 3093 902 3154 de
919 3093 1020 3176 patria
1036 3106 1135 3176 poetae
1154 3095 1251 3154 nostri

208 3190 412 3256 contendendi
424 3189 561 3272 aliquam
571 3187 650 3270 juris
662 3189 793 3272 speciem
806 3186 951 3251 babeant.
965 3189 1044 3251 Nam
1054 3191 1173 3251 Perusia
1184 3212 1250 3252 uon

209 3289 240 3350 in
254 3289 402 3363 Umbria,
415 3287 467 3348 sed
484 3287 518 3347 iu
534 3287 658 3347 Etruria
672 3285 730 3347 sita
744 3299 797 3347 est.
1111 3283 1117 3296 “

198 3395 205 3404 ·
247 3386 291 3444 Ex
305 3384 402 3445 altero
416 3382 505 3460 loco,
517 3383 572 3460 lV,
590 3404 601 3443 ι
614 3427 623 3458 ,
636 3383 675 3444 65
690 3405 735 3468 sq.
749 3382 891 3466 adparet,
902 3383 1051 3467 Propertii
1065 3385 1198 3466 patriam
1215 3385 1249 3443 in

209 3481 287 3543 valle
298 3481 436 3544 Umbriae
448 3483 491 3542 ita
502 3481 594 3542 sitiam
606 3479 717 3556 fuisse,
728 3494 764 3541 ut
777 3501 859 3542 arces
870 3480 935 3564 ejus
946 3480 1126 3542 scanderent
1136 3480 1174 3541 de
1185 3479 1249 3542 val-

208 3577 296 3642 libus.
314 3581 360 3642 lta
375 3579 460 3640 enim
473 3579 557 3640 canit
569 3579 728 3639 Romanus
742 3577 964 3641 Callimachus:

389 3729 527 3776 Sem
537 3729 618 3792 siquis
626 3739 706 3778 canat
713 3729 743 3776 ds
750 3728 848 3778 νιιὶἱῶιιι
855 3745 932 3784 σαι,

423 3802 521 3863 maenio
528 3815 609 3850 noros
617 3798 762 3849 ntimstilla
772 3815 835 3848 naso.

248 3931 379 3994 Etertio
397 3932 530 4016 denique
548 3933 685 4020 ejusdem
702 3933 807 4018 elegire
825 3933 912 4011 loco,
934 3957 976 3996 vs.
1007 3931 1177 4010 rar-tali,
1195 3955 1247 3996 co·
