3122 4756
305 435 368 502 166
486 447 493 459 ’
594 433 857 502 PROPERTH
882 435 970 500 LIB.
997 439 1044 503 11.

298 559 379 631 dam)
404 558 596 614 transtulerunt
619 561 653 616 de
679 560 801 634 scaligeri
843 561 977 627 habemas
1001 562 1066 636 qnid
1089 563 1254 636 probabilius
1279 579 1344 631 est,

299 641 437 702 sententia.
457 641 538 692 Porro
560 638 623 693 inde
650 640 683 693 ab
706 640 801 693 eodem
843 658 923 714 quam
941 641 1001 696 illos
1020 640 1113 694 decens
1132 661 1221 696 veram
1236 642 1271 694 ad
1289 642 1341 696 hoc

299 717 431 790 scaligero
444 721 559 790 primum
574 719 704 772 distichon
716 720 799 772 critici
842 721 973 790 posterius
986 739 1091 774 carmen
1100 724 1243 794 pertinere,
1254 725 1276 774 ai
1287 742 1342 775 mo-

299 799 407 852 inversis
417 800 575 869 pentametri
583 796 754 852 hemistichiis
762 800 799 850 ita
842 797 879 850 do
888 815 981 852 eorum
990 817 1083 853 sensus
1092 814 1117 854 et
1127 800 1284 856 cohaerentia
1292 803 1343 853 ini-

300 878 427 949 seriptam
448 877 545 930 dedere
562 898 568 928 :
590 879 657 930 «His
666 875 758 930 saltem
769 889 800 928 nt
843 878 910 934 tium
926 877 983 930 fleri
995 877 1028 930 ab
1045 876 1091 930 iiio
1107 878 1157 932 tite
1168 879 1276 947 saltem,
1291 893 1341 933 etc.

297 969 389 1009 tenear
402 958 458 1026 jem
468 955 563 1009 finibus
572 966 630 1007 :aut
639 941 702 1008 mihi
712 956 799 1028 siquis
844 966 871 1005 et
883 952 933 1006 bos
943 954 1031 1006 Multa
1039 957 1126 1026 prius,
1140 970 1191 1009 otc.
1201 957 1344 1028 superiori-

302 1033 408 1087 Venerit
430 1033 499 1086 alter
511 1053 598 1101 amor,
610 1035 732 1087 scriusut
744 1053 800 1088 πιο-
844 1030 893 1084 bus
911 1031 1016 1086 adnecti
1036 1035 1188 1106 patiantur?
1208 1035 1239 1087 ld
1257 1047 1343 1087 autem

301 1112 361 1164 rior.
380 1112 418 1164 Ac
432 1113 512 1186 relati
528 1115 630 1185 primo,
651 1124 726 1168 etc.»
746 1114 799 1164 To·
844 1125 915 1164 recte
929 1111 985 1166 fieri
995 1131 1090 1183 posse,
1109 1113 1234 1166 adcurate
1255 1114 1344 1166 omnia

300 1202 358 1242 tum
371 1191 546 1262 fragmentum
554 1191 758 1264 Vulpinsqnum
771 1193 800 1244 in
844 1191 949 1242 rimanti
968 1189 1045 1246 facile
1066 1191 1174 1264 patebit.
1194 1194 1251 1244 Hoc
1275 1193 1345 1244 euim

302 1267 391 1320 sedem
401 1268 529 1322 Codicum
540 1285 614 1320 suam
623 1268 801 1320 revocandum
844 1271 995 1343 Propertius
1017 1273 1104 1324 dicit:
1126 1273 1203 1326 Nolle
1221 1291 1249 1326 se
1267 1273 1345 1324 aliam

302 1347 500 1419 pronuntiasset
512 1347 553 1420 (si
567 1346 640 1400 nulla
655 1349 801 1402 sententia·
844 1350 991 1421 posthanc
1012 1351 1128 1423 puellam
1150 1370 1252 1415 amare;
1273 1350 1346 1404 domi

301 1433 802 1506 rumcohaerentiaponidicimus,poe·
846 1429 915 1482 enim
940 1432 1070 1501 experiri,
1092 1432 1194 1484 feroces
1215 1445 1345 1482 amatores

303 1527 388 1565 tarum
397 1514 571 1584 elegiacorum
580 1515 673 1580 pionias
682 1531 739 1565 esse
748 1517 803 1578 ἁμι-
845 1525 907 1558 mox
928 1505 1091 1578 perdomitos
1113 1527 1189 1580 aqua
1211 1521 1237 1560 et
1256 1509 1347 1579 iniqua

301 1592 388 1642 uisas
405 1591 602 1664 respondens),
620 1593 802 1664 explicationis
846 1585 931 1648 ferres
949 1603 998 1636 neo
1012 1605 1111 1638 novom
1128 1585 1156 1638 id
1170 1605 1241 1651 ease,
1263 1604 1346 1657 quun

303 1668 358 1723 hec
369 1669 448 1722 verba
459 1670 587 1740 subjecit:
605 1693 616 1717 ι
628 1671 705 1722 Initio
714 1670 802 1742 elegite
846 1665 993 1739 Melampus
1002 1671 1097 1722 amoris
1106 1685 1187 1721 cansa
1195 1665 1237 1720 vel
1246 1667 1346 1720 lurtum

289 1746 402 1806 ,dixerat
415 1761 510 1818 poeta,
525 1767 553 1802 se
567 1749 687 1802 dimhsos
702 1767 802 1801 amores
846 1745 933 1796 facere
957 1747 1118 1798 sustinuerit.
1148 1744 1232 1798 Multa
1257 1757 1346 1798 tamen

302 1825 482 1891 revocavisse,
494 1825 632 1879 inductum
645 1840 670 1879 et
682 1838 803 1880 coactum
847 1824 935 1894 prius,
958 1825 1088 1895 quantita
1108 1821 1220 1874 humiles
1236 1822 1300 1873 fiant
1320 1835 1348 1874 et

302 1905 388 1956 forma
401 1904 533 1976 Cynthiae,
550 1925 630 1977 quam
647 1921 740 1976 postea
761 1905 804 1958 de·
847 1900 938 1952 ditiori
955 1900 1084 1972 subjecti,
1100 1919 1167 1972 tegre
1182 1919 1229 1953 eos
1245 1914 1272 1952 ut
1286 1919 1347 1952 cum

238 2003 242 2010 ·
302 1980 398 2034 scribit.
405 1983 483 2034 Nunc
494 1985 530 2034 ait
539 2005 545 2034 ι
553 1983 583 2036 Si
591 1983 803 2044 mihinecessan'o
848 1977 940 2032 dolore
952 1981 1035 2046 ferre,
1048 1980 1094 2033 sed
1104 1981 1200 2032 frustra
1210 1981 1293 2032 amori
1302 1998 1347 2032 re-

302 2061 445 2116 amandum
457 2075 508 2130 est,
521 2082 552 2115 ac
562 2062 635 2114 maia
647 2064 736 2116 omniu
744 2063 805 2132 for-
847 2075 980 2128 pugnare,
993 2075 1076 2129 quum
1087 2058 1190 2112 nullum
1204 2071 1286 2112 exstet
1295 2058 1349 2111 hu·

302 2139 531 2212 titerperfirenda,
538 2157 596 2213 quoe
604 2141 631 2193 i'it
639 2159 727 2194 amore
735 2153 804 2208 sunt,
845 2139 890 2207 jus
898 2135 949 2187 (liri
955 2139 1087 2190 eruditius
1095 2137 1248 2192 remedium.
1260 2137 1290 2189 ld
1298 2136 1349 2190 albi

301 2217 354 2270 hoc
366 2218 430 2270 mihi
443 2218 536 2272 saltem
547 2218 584 2270 dii
600 2217 762 2289 largiantur,
775 2232 805 2272 ut
850 2234 956 2289 quoque
968 2217 1111 2282 accidisse;
1124 2231 1177 2270 tam
1189 2236 1280 2288 greum
1290 2235 1347 2270 sese

303 2315 384 2349 unam
396 2296 580 2351 tantummodo
591 2315 678 2350 amare
687 2299 804 2370 possim,
850 2292 953 2349 dolores
963 2308 1143 2366 expertum,ut
1152 2295 1269 2348 mulieris
1278 2313 1349 2348 anso

302 2395 337 2430 ne
353 2376 491 2443 videlicet,
509 2377 632 2448 siplures
648 2396 737 2446 amare
753 2397 806 2430 coe·
848 2393 903 2448 rem
917 2374 1038 2428 hostibus
1055 2377 1231 2446 imprecetur,
1248 2375 1347 2426 amicos

302 2475 385 2527 pero,
399 2455 497 2510 amoris
509 2455 676 2510 incommoda
686 2455 749 2508 mihi
759 2453 805 2506 du·
848 2453 936 2504 mitius
947 2471 1090 2524 puerorum
1106 2453 1243 2522 imperium
1259 2452 1348 2505 subire
1440 2517 1442 2526 Ι

302 2533 435 2605 plicantur
444 2547 470 2587 et
480 2545 635 2604 augeantur.
644 2555 655 2580 ι
665 2533 729 2584 Esse
739 2531 804 2583 nihil
848 2529 929 2582 malit.
942 2553 954 2577 a
971 2533 1031 2584 Huc
1045 2527 1236 2584 Lachmannua.
1248 2531 1348 2603 Dispo-

303 2613 353 2664 rsti
362 2612 482 2664 Barthius
492 2624 519 2664 et
529 2608 644 2662 Kuinoei
650 2645 659 2670 ,
670 2607 742 2680 quod
750 2625 804 2660 me·
847 2608 969 2665 titionem
984 2606 1103 2660 eamdem
1118 2609 1212 2678 partim
1222 2611 1277 2678 jam
1286 2621 1349 2661 ants

302 2684 804 2757 liustentarcnt,Vulpiumexscribere
847 2699 964 2740 suaserat
990 2686 1174 2754 Schraderus,
1198 2707 1275 2760 quam
1298 2707 1349 2742 neu

303 2768 365 2819 satis
376 2767 535 2838 habuerunt.
546 2766 631 2835 Negat
642 2763 710 2816 ferre
719 2763 804 2816 Lach-
847 2764 994 2820 dubitarem
1006 2785 1055 2839 ego
1065 2767 1099 2820 de
1108 2779 1162 2822 tam
1171 2767 1243 2820 bone
1252 2768 1350 2820 utrius·

302 2864 417 2898 mannus
436 2845 659 2916 interpretationis
675 2843 804 2911 abusum,
848 2865 899 2918 que
911 2850 1039 2902 sententia
1050 2848 1205 2915 admittere,
1219 2847 1349 2920 quidquid

303 2943 355 2997 quo
370 2937 425 2976 tam
439 2924 517 2976 facile
530 2922 703 2994 scriptoribus
720 2922 805 2974 adfiu·
848 2926 974 2998 objectari
989 2929 1094 3000 possit,
1111 2927 1153 2982 vel
1165 2931 1202 2983 sic
1221 2926 1348 2980 ordinatis

301 3015 426 3074 gerentur
445 3021 501 3074 quse
521 2999 669 3073 supplenda
690 3002 804 3074 quisque
847 3007 966 3061 versibus
986 3009 1132 3061 orationem
1148 3025 1253 3060 omnem
1270 3007 1347 3058 iniis

298 3079 495 3150 judicaremus,
515 3078 738 3150 consideransque
761 3097 804 3132 ss·
848 3088 910 3140 satis
922 3085 1021 3140 aridam
1034 3101 1060 3140 er
1071 3086 1208 3156 abruptam
1218 3102 1290 3144 esset
1301 3081 1347 3134 sed

301 3163 406 3232 quemn
417 3161 504 3231 elegiae
517 3173 613 3232 quartae
626 3160 802 3232 principium,
848 3164 935 3232 aliud,
956 3165 1029 3236 quod
1044 3165 1126 3236 magis
1143 3163 1245 3230 obstat,
1260 3160 1346 3214 video.

304 3237 409 3290 tMulta
416 3239 489 3309 prius
503 3238 615 3291 dominre
628 3236 725 3288 delicta
739 3255 805 3308 que·
848 3243 952 3296 Scilicet
968 3241 1100 3296 distichon
1115 3242 1164 3294 iiis
1175 3239 1280 3306 saltem,
1295 3251 1346 3293 etc.

301 3318 366 3370 raris
385 3327 528 3389 oportet,s
550 3319 576 3368 in
593 3315 689 3389 quibus
705 3318 805 3388 pariter
849 3322 960 3392 qualiter
974 3319 1017 3374 rel
1033 3319 1143 3374 Codices
1163 3316 1205 3370 rel
1225 3319 1347 3389 impressi

301 3414 363 3449 cnm
384 3399 531 3451 Passeratio
554 3395 689 3450 subaudiri
712 3395 804 3448 solunt
846 3397 1348 3472 librisoripmmexhibennquumsen-

304 3477 387 3547 Quum
402 3481 458 3550 ejus
471 3477 532 3535 iecit
549 3478 624 3549 copia
643 3473 763 3547 tibifiat,
780 3487 806 3528 ei
848 3500 906 3535 sum
921 3493 966 3532 aut
977 3476 1079 3532 nullum
1092 3490 1138 3529 aut
1150 3475 1349 3530 incommodum

301 3573 332 3608 ea
346 3566 415 3608 cartu
435 3557 540 3610 demum
554 3554 663 3629 etfldeli
680 3567 732 3606 tuto
743 3555 805 3625 fmi
848 3559 991 3633 preberet,
1011 3549 1196 3610 Lachmannus
1216 3557 1346 3608 correxits

289 3635 395 3706 possis,
405 3653 459 3688 rem
473 3647 556 3690 totam
568 3647 695 3686 mutatam
705 3631 803 3684 funda·
851 3639 918 3690 ·His
929 3634 1020 3688 saltem
1029 3649 1059 3686 ut
1072 3634 1222 3703 tenearjam
1235 3632 1346 3686 iiotbmt

301 3718 399 3768 mentis
411 3717 485 3770 norit
497 3715 632 3768 consutuit
643 3733 649 3763 ι
661 3713 747 3777 Nam,
761 3713 803 3764 in·
848 3715 891 3769 iei
903 3713 981 3780 mihi,
1000 3715 1022 3768 si
1039 3715 1114 3787 quis,
1128 3713 1222 3766 Acrius
1240 3724 1271 3766 ut
1289 3731 1347 3766 mo·

302 3795 376 3865 quit,
389 3817 399 3840 ιι
410 3813 490 3865 quum
504 3812 587 3866 neque
597 3790 634 3843 illi
643 3788 735 3842 decom
748 3808 802 3844 ver·
847 3795 916 3860 riae,
934 3795 1033 3846 venerit
1054 3792 1121 3844 alter
1141 3795 1252 3844 amoris
1272 3790 1348 3858 Quo-

302 3890 346 3924 sus
355 3873 404 3925 iiis
413 3873 517 3940 saltem,
528 3887 578 3925 etc.
589 3870 721 3943 prioribus
731 3889 803 3924 com·
846 3875 915 3926 niam
926 3871 989 3924 mibi
998 3890 1085 3924 amare
1095 3869 1176 3924 fatale
1184 3882 1235 3938 est,
1245 3871 1347 3922 aduam

301 3947 379 4002 mode
387 3953 515 4024 conjungi
522 3963 634 4024 queant,
646 3948 802 4004 etbiversus
846 3950 937 4004 saltem
950 3951 977 4002 in
990 3949 1042 4002 hoc
1056 3967 1110 4001 uno
1125 3965 1214 4002 amore
1224 3967 1267 4001 me
1281 3965 1347 4000 con·

301 4029 391 4082 Multa
399 4031 488 4102 ptius,
498 4043 548 4085 etc.
562 4033 589 4082 in
599 4031 720 4084 carminis
730 4032 801 4102 prin·
846 4029 959 4081 tineam!
975 4026 1112 4092 Haimihi,
1127 4029 1150 4078 si
1163 4025 1197 4078 ad
1210 4026 1283 4079 bunc
1298 4041 1346 4074 no·

300 4105 370 4180 cipio
391 4111 487 4182 positi,
511 4107 632 4162 difficiles
653 4107 799 4164 intellectus
845 4126 909 4176 ens,
932 4108 977 4179 qui
997 4125 1039 4162 me
1059 4103 1193 4162 crudelius
1211 4113 1346 4178 exornem,
