3122 4756
641 625 882 722 ELEGIA
911 627 966 721 V.

624 869 686 934 ΔΙ)
706 815 975 936 CYNTHIAlll.

692 1278 918 1326 rnodurnrou.

326 1393 492 1478 Cynthium
516 1390 639 1476 publica
664 1411 789 1452 morum
812 1393 936 1454 licentia
960 1389 1102 1452 diffamat
1120 1416 1126 1451 :
1146 1392 1326 1474 indignatur

285 1491 475 1575 Propertius,
497 1500 526 1549 et
544 1509 663 1548 servare
680 1509 710 1548 se
731 1501 824 1570 negat
843 1488 921 1550 vellc
939 1487 1052 1565 fidem,
1073 1507 1141 1571 quae
1162 1490 1325 1571 praemium

285 1607 375 1646 suum
389 1583 529 1645 infidiam
539 1581 661 1645 habeat.
673 1585 777 1644 Unam
790 1583 828 1646 de
841 1599 888 1645 tot
899 1583 1017 1646 levibus
1031 1583 1171 1644 amandis
1186 1605 1253 1644 non
1267 1583 1325 1644 fal·

284 1683 381 1744 lacem
404 1682 580 1758 inveniam,
606 1694 636 1742 et
658 1695 798 1764 ereptum
821 1683 879 1743 tibi
902 1682 1019 1764 lugebis
1049 1696 1083 1742 tn
1110 1702 1177 1743 sero
1202 1695 1325 1766 poetam

285 1796 384 1842 tuum.
397 1783 445 1842 lra
458 1783 533 1843 dum
550 1803 652 1843 recens
668 1795 729 1858 est,
749 1784 868 1865 inquit,
883 1782 1047 1845 discidium
1064 1781 1116 1842 fiat
1133 1806 1140 1840 ι
1161 1783 1325 1864 separatio·

285 1880 333 1939 nis
343 1879 475 1939 feremus
487 1900 550 1939 non
566 1891 716 1941 aeternum
729 1879 877 1941 dolorem.
896 1879 953 1940 Sed
969 1893 999 1940 ct
1012 1892 1117 1963 parcat
1132 1879 1166 1938 in
1181 1877 1241 1939 hoc
1260 1881 1326 1961 ipsa

286 1971 420 2056 Cynthia
432 1995 541 2036 nocere
555 1975 629 2052 sibi3
648 1995 740 2057 quem
749 1975 848 2052 laedit,
863 1973 1017 2038 rimantem
1029 1977 1082 2036 illa
1095 1976 1202 2036 timere
1220 1974 1325 2037 disca't.

286 2073 357 2132 Non
371 2071 533 2134 ulciscetur
544 2074 690 2136 indecora
705 2077 750 2134 vis
770 2089 909 2158 poctam3
923 2095 989 2135 non
1001 2077 1082 2150 rixa,
1097 2096 1163 2135 non
1177 2073 1248 2135 ferae
1261 2095 1326 2132 rnn-

286 2189 364 2243 nus,
384 2169 566 2250 insignitum
587 2167 745 2232 hominem
764 2170 916 2255 Apollinis
929 2171 1037 2232 lauro:
1056 2171 1238 2231 versiculum
1256 2171 1326 2230 satis

286 2265 345 2326 erit
356 2287 529 2350 numquam
540 2267 706 2330 delendum
722 2271 887 2352 scripsisse,
902 2273 955 2352 qui
973 2268 1141 2352 Cynthium
1157 2269 1325 2330 formosam

287 2361 383 2439 dicet,
395 2365 450 2448 qni
461 2363 543 2426 dicet
554 2365 661 2427 itidem
675 2367 740 2428 sine
751 2367 812 2428 fide
824 2366 997 2451 Cynthium.

751 2575 862 2594 n*-

335 2668 430 2780 Hoc
443 2737 561 2780 verum
573 2729 624 2781 est
634 2768 643 2797 ,
654 2729 725 2782 tota
739 2731 771 2782 te
782 2714 880 2798 ferri,
892 2716 1052 2810 Cynthia,
1064 2719 1186 2799 Roma,

380 2825 423 2890 Et
436 2847 505 2890 non
517 2825 630 2916 ignota
641 2827 751 2893 vivere
764 2828 933 2919 nequitia?

335 2935 407 3000 Hoc
419 2935 527 3000 merui
539 2941 695 3027 sperare?
706 2934 800 3004 dubis
812 2935 912 3020 mihi,
925 2937 1072 3030 perfida,
1083 2959 1200 3031 poenas
1213 2963 1221 3000 :

379 3044 421 3106 Et
434 3039 530 3108 nobis
542 3041 671 3139 aliquo,
684 3045 846 3138 Cynthio,
861 3062 982 3115 ventus
995 3049 1068 3114 erit.

326 3241 347 3275 r.
359 3224 418 3277 Hoc
428 3245 516 3278 verum
526 3231 581 3281 cst?
590 3229 692 3282 Itanos
701 3229 785 3283 Galli:
830 3229 888 3282 bri:
905 3229 962 3280 «Et
977 3229 1055 3282 nobis
1070 3226 1184 3300 Aquilo,
1201 3225 1326 3299 Cynthia,

286 3303 364 3357 Est-il
375 3306 433 3357 bien
444 3309 572 3379 ornique,
584 3308 786 3382 Septem-illiers
830 3323 924 3362 ventos
946 3311 1003 3360 erit.
1013 3332 1025 3356 ι
1046 3308 1137 3376 Inepta
1155 3324 1263 3378 prorsus
1283 3304 1326 3359 hie

286 3384 572 3454 que....?Adlir-mntio
584 3401 623 3440 est
636 3387 685 3440 snb
699 3388 786 3440 forma
830 3388 900 3439 venti
926 3385 1063 3457 Aquilonis
1090 3387 1213 3436 mentio:
1240 3401 1326 3455 neque

286 3461 370 3514 dubii.
384 3463 454 3518 Male
466 3465 583 3519 Kuinoel
597 3467 693 3538 accipit
705 3463 785 3519 r‘lloc
830 3459 913 3532 enirn,
930 3479 960 3516 ut
970 3467 1026 3536 ipse
1042 3463 1164 3516 observet
1181 3462 1327 3516 Lachman-

283 3541 384 3612 justum
399 3556 426 3594 et
439 3562 542 3616 aequum
551 3556 599 3596 est.
609 3547 690 3597 ..l-
699 3545 784 3611 Ferri,
829 3561 894 3608 nus,
908 3543 991 3594 Romo
1001 3561 1028 3594 se
1039 3541 1170 3593 obiturum
1178 3543 1327 3614 Propertius

285 3619 359 3672 fame
379 3618 462 3689 ferri,
481 3621 621 3676 diffamari.
639 3623 682 3676 sic
704 3622 785 3676 verbo
830 3620 893 3674 dicit
903 3621 995 3692 (unice
1007 3634 1077 3672 recte
1088 3639 1146 3690 que
1159 3623 1187 3672 in
1198 3619 1239 3672 his
1249 3623 1327 3674 inter·

285 3697 396 3770 differre
406 3702 520 3767 utiturl,
532 3701 562 3767 4,
576 3719 617 3753 22.
828 3700 941 3770 prelatio
961 3695 1067 3768 foret),
1086 3715 1134 3749 nec
1153 3698 1277 3751 translate
1296 3717 1328 3752 nc

321 3777 347 3844 4.
362 3779 399 3830 Et
411 3781 498 3847 nobis,
516 3792 565 3832 etc.
581 3793 607 3832 et
623 3797 784 3850 unoquoque
829 3777 938 3847 figurate
950 3775 1048 3848 Aquilo
1057 3775 1090 3828 de
1099 3793 1189 3830 amore
1204 3779 1267 3850 poni
1278 3795 1328 3850 po·

287 3875 361 3910 meus
378 3877 452 3912 emor
470 3858 504 3912 ed
519 3859 636 3932 puellam
651 3859 718 3910 feret
736 3857 784 3910 oli·
830 3869 895 3922 test,
914 3855 1107 3910 sedindefinirs
1125 3861 1233 3910 notione
1249 3876 1329 3912 vocn-

288 3953 366 4008 qusm
377 3957 482 3990 noram.
494 3938 519 3989 N
522 3958 535 3990 e
547 3937 652 4004 dubita,
665 3937 727 4009 quin
742 3955 784 3989 ve·
828 3937 921 3990 bulum
931 3948 1028 3990 ventus.
1040 3939 1081 3991 Sic
1096 3958 1187 3992 auram
1201 3941 1328 4018 etflotum

287 4015 387 4068 ricuino
407 4014 589 4068 Lachmannus
608 4016 697 4088 aliquo
722 4035 784 4068 cor·
827 4031 937 4090 usurpat
948 4021 1059 4086 Noster,
1072 4019 1109 4084 ll,
1123 4036 1169 4085 12,
1184 4019 1213 4086 8,
1228 4021 1265 4086 ll,
1280 4019 1326 4084 25,

286 4098 395 4162 rexerit,
406 4096 454 4149 ubi
464 4095 574 4150 Codices
586 4109 613 4149 ct
620 4098 741 4170 impressi
750 4096 784 4149 li·
829 4115 871 4168 ²7·
891 4099 960 4152 Bene
976 4099 1056 4170 igitur
1074 4100 1256 4152 Burmannus:
1275 4099 1328 4162 usst
