3128 4766
279 305 321 348 22
612 266 872 348 propensu
892 285 995 348 vrrs

279 409 343 489 ipse
357 407 512 488 Augustus
525 407 559 466 in
570 405 660 468 ltalia
673 405 841 470 Brundusii
853 421 946 482 esset,
965 409 1007 468 ita
1027 407 1183 486 ordinari,
1197 422 1232 471 ut
1243 410 1322 470 mul·

276 505 316 564 tis
331 503 451 566 occasio
469 500 655 585 preberetur
672 522 707 564 eo
728 503 949 584 proficiscendi.
968 502 1099 565 Videtur
1117 525 1188 566 vero
1208 505 1323 567 deinde

268 599 406 662 ‚Messala
423 612 520 660 totum
531 599 632 660 Asiam
643 601 813 675 minorem,
827 599 915 682 cujus
932 603 1033 684 potior
1045 623 1116 686 pars
1129 603 1169 662 ab
1184 605 1323 665 Antonio

277 707 415 772 steterat,
434 693 538 756 re'rum
555 695 801 758 ordinandarum
814 696 1065 778 populorumque
1082 699 1116 758 in
1132 698 1324 760 deditionem

277 793 527 875 accipiendorum
542 815 653 868 ceusu,
672 797 854 876 percurrisse
869 794 972 878 (quod
987 797 1080 856 etism
1096 809 1178 858 sexta
1194 797 1323 879 Proper-

278 893 314 952 tii
323 891 421 974 elegia
433 891 486 954 lib.
503 894 531 967 l,
545 912 588 953 vs.
602 894 634 953 31
649 889 715 975 sqq.
726 894 864 973 innuit),
875 914 909 954 ac
923 893 1033 954 deinde
1044 914 1166 975 quoque
1175 895 1323 975 Cyzicum

278 990 447 1064 accessisse,
461 989 544 1052 unde
557 989 740 1072 gladiatores
759 991 809 1051 isti
822 992 1063 1071 emigraverant3
1080 1004 1114 1052 ut
1131 991 1208 1052 adeo
1223 993 1324 1052 mani·

278 1085 390 1150 festum
413 1089 467 1163 sit,
488 1086 569 1150 hanc
588 1088 698 1151 urbem
716 1090 749 1150 in
771 1099 923 1171 potestate
943 1109 978 1150 sc
995 1087 1057 1148 fide
1069 1089 1196 1150 Antonii
1217 1089 1322 1151 fuisse.

278 1185 433 1266 Augusms
446 1199 526 1246 certe
540 1187 735 1267 sequentibus
748 1185 938 1267 temporibus
957 1186 1051 1248 simili
1068 1207 1159 1248 cursu
1176 1188 1324 1249 itinerum

279 1301 351 1344 usus
372 1296 418 1342 est
440 1280 522 1359 (vid.
550 1283 650 1364 Heyn.
674 1282 778 1342 Vitam
804 1282 955 1362 virgil),
978 1303 1042 1364 quo
1070 1295 1210 1364 tempore
1230 1286 1324 1344 etiam

280 1377 438 1460 Cyzicenis
460 1377 633 1442 libertatem
651 1377 787 1438 ademit:
802 1376 887 1458 quod
901 1397 999 1458 quum
1013 1377 1129 1438 factum
1145 1378 1184 1440 sit
1199 1377 1326 1438 demum

279 1480 313 1536 A.
327 1476 363 1535 U.
381 1473 456 1557 734,
467 1477 511 1536 M.
526 1473 655 1558 Apuleio
670 1486 701 1535 et
712 1476 745 1536 P.
760 1474 835 1534 Silio
848 1475 947 1534 Nerva
961 1494 1034 1535 coss.
1051 1473 1219 1556 eodemque
1232 1474 1325 1535 liber·

280 1587 326 1632 tas
345 1574 483 1634 restituta
507 1571 617 1632 iisdem
644 1573 678 1632 A.
705 1574 744 1631 U.
770 1573 848 1654 739,
874 1584 947 1632 teste
971 1570 1079 1632 eodem
1104 1573 1223 1646 Dione,
1248 1591 1325 1632 coss.

281 1671 323 1730 M.
343 1671 443 1732 Druso
462 1668 581 1731 Libone
595 1683 625 1730 et
645 1673 679 1732 L.
701 1668 871 1752 Calpurnio
885 1669 1011 1745 Pisone,
1029 1667 1119 1730 facile
1132 1669 1262 1750 quisque
1279 1669 1326 1727 vi·

281 1765 332 1828 det
351 1763 579 1840 Broulrbusinm
600 1763 712 1826 frustra
730 1763 768 1825 de
785 1784 865 1825 eare
884 1767 1039 1845 cogitasse.
1061 1766 1160 1824 Locus
1180 1763 1276 1844 igitur
1297 1763 1326 1838 Ι,

281 1864 301 1924 6
329 1882 367 1923 zo

307 1907 315 1939 ²
375 1909 383 1938 ἱ
468 1963 495 2006 Et
507 1973 587 2007 vetars
597 1959 735 2022 oblitisjurs
745 1959 805 2007 refer
815 1961 897 2016 sociis,

282 2093 346 2134 non
359 2087 480 2136 tantum
493 2071 532 2133 ad
543 2074 709 2155 Cyzicenos
721 2073 868 2155 pertinet,
881 2073 933 2134 sed
945 2075 983 2133 ad
997 2091 1104 2134 omnes
1113 2072 1189 2132 Asiae
1202 2087 1232 2133 et
1243 2072 1328 2133 Cres·

283 2172 337 2232 ciae
349 2169 479 2232 fortasse
492 2190 619 2254 quoque
631 2171 782 2254 populos,
801 2172 855 2252 qui
873 2173 905 2232 in
920 2173 1061 2232 societate
1073 2170 1183 2254 populi
1198 2171 1328 2232 Romani

283 2270 407 2330 fuerant
419 2315 427 2345 ,
441 2271 617 2353 quibusque
632 2268 682 2352 jus
701 2267 868 2330 dicendum
882 2281 966 2343 erst;
986 2267 1018 2328 id
1036 2269 1121 2350 quod
1141 2269 1234 2349 longo
1252 2283 1329 2329 tem·

284 2386 376 2448 pore,
388 2380 513 2450 propter
522 2367 602 2428 bella
612 2367 734 2444 civilia,
747 2367 812 2426 fieri
825 2365 1009 2448 impeditum
1018 2367 1202 2428 atomissum
1214 2365 1330 2439 fuerat,

284 2465 368 2527 unde
388 2465 470 2528 obliti
488 2466 645 2528 dicuntur.
665 2464 755 2526 Tullo
769 2485 843 2527 vero
862 2463 922 2525 hoc
944 2465 1108 2540 tribuitur,
1129 2466 1203 2546 quia
1220 2465 1330 2544 accepti

284 2579 351 2626 erat
362 2567 475 2648 imperii
492 2587 571 2648 pars.
585 2565 672 2627 Idem
685 2562 799 2624 deinde
812 2562 920 2624 'lullus
936 2563 1056 2646 Cyzici,
1078 2564 1255 2624 amoenitate
1268 2561 1329 2623 loci

284 2674 409 2747 captus,
424 2683 478 2746 per
488 2655 615 2742 isliquot
632 2681 733 2722 annos
746 2658 866 2722 baesisse
880 2659 1023 2732 videtur3
1046 2661 1130 2722 unde
1152 2659 1330 2743 Propertius

284 2761 386 2844 ipsum
400 2759 460 2836 lll,
478 2780 530 2834 uz,
544 2759 668 2834 inritet,
681 2772 716 2819 ut
727 2759 860 2818 llomsm
876 2772 1062 2836 revertatur,
1078 2760 1184 2841 ibique
1197 2757 1329 2819 honores

285 2871 448 2921 consuetos
461 2860 608 2940 consequi
622 2857 752 2918 studeat.

325 2958 414 3018 Circa
425 2956 484 3018 hoc
492 2967 614 3040 tempus
623 2956 801 3038 Propertius
814 2955 958 3015 nondum
970 2956 1147 3017 innotuerat
1158 2953 1329 3028 Maecenati,

284 3053 399 3136 quippe
411 3051 505 3114 'l'ullo
520 3067 654 3135 patrono
666 3073 739 3113 usus
754 3053 860 3128 unice;
876 3051 959 3112 unde
973 3051 1059 3112 nulla
1074 3050 1248 3113 Mucenstis
1261 3061 1329 3109 toto

285 3147 339 3207 lib.
352 3150 366 3208 l
378 3149 512 3226 mentio,
526 3169 626 3230 neque
640 3150 732 3210 etiam
747 3149 885 3230 Augusti.

610 3301 641 3349 A.
655 3299 686 3350 U.
699 3298 730 3349 C.
744 3297 795 3369 725
803 3319 810 3360 3
824 3299 953 3368 Propertii
966 3299 1008 3365 24.

542 3379 628 3432 Cesar
639 3379 798 3432 Octavianus
809 3381 847 3440 νς
862 3379 919 3431 Sea.
931 3377 1067 3450 Apuleius.

325 3521 397 3579 Tres
413 3519 539 3580 Cesaris
557 3519 708 3602 triumphi
727 3544 733 3580 :
754 3517 912 3602 lllyricus,
933 3518 1088 3594 Actiscus,
1106 3517 1274 3599 AEgyptius.
1292 3517 1329 3575 ln

287 3613 371 3674 hunc
385 3635 505 3676 sunum
520 3614 625 3676 referri
637 3616 728 3677 debet
738 3617 864 3698 scriptio
876 3615 951 3695 eleg.
964 3615 981 3674 3
994 3613 1048 3674 lib.
1062 3615 1121 3690 lll,
1134 3623 1259 3695 propter
1272 3631 1331 3672 sss.

288 3709 416 3788 43-46.
435 3711 526 3774 Conf.
541 3715 640 3816 Heyn.
655 3712 826 3774 Observatt.
843 3713 882 3774 ad
893 3709 1007 3792 ‚Virgil
1023 3711 1142 3774 AEneid.
1155 3711 1241 3787 Vlll,
1263 3709 1329 3792 726.
