3122 4756
332 375 393 454 ι34
631 373 895 438 PROPERTll
921 375 1010 438 [ΑΒ.
1038 375 1063 436 1.

373 506 483 586 Quum
494 523 598 593 supra
608 499 712 568 nullae
724 499 917 594 pendebant
926 499 1040 568 debita
1050 523 1141 568 curte
1339 515 1374 568 3⁵

418 610 561 680 Roscida
573 611 712 680 desertis
724 634 825 702 poma
837 610 900 678 sub
912 609 1106 694 arboribus,

373 726 414 788 Et
425 724 551 790 circum
563 724 689 813 irriguo
699 720 883 814 surgebant
893 720 964 789 lilie
975 737 1072 815 prato

417 829 565 898 Candida
580 833 757 924 purpureis
769 835 873 900 mixte
884 832 1119 925 papaveribus.
1225 845 1229 860 '

371 947 454 1028 Quae
465 942 567 1010 modo
579 939 763 1036 decerpens
776 959 890 1012 tenero
902 942 1077 1038 pueriliter
1090 939 1216 1034 ungui,

421 1055 594 1144 Proposito
605 1049 726 1120 florem
736 1051 884 1146 praetulit
895 1049 1023 1135 offici03
1340 1064 1379 1129 4ο

374 1168 415 1229 Et
426 1162 526 1230 modo
537 1161 693 1231 formosis
708 1163 908 1231 incumbens
919 1164 1055 1231 nescius
1067 1161 1185 1245 undis,

421 1274 577 1340 Errorem
588 1271 722 1341 blandis
734 1273 845 1342 tardet
854 1271 1066 1365 imaginibus.

372 1383 526 1452 Tandem
538 1383 673 1451 haurire
686 1397 782 1476 parat
792 1381 947 1450 demissis
959 1380 1100 1450 flumine
1112 1379 1248 1476 palmis,

420 1497 561 1562 Innixus
572 1491 690 1565 dextro
703 1491 803 1587 plena
815 1492 952 1562 trahens
965 1491 1117 1561 humero,

372 1603 475 1698 Cujus
488 1622 526 1672 ut
536 1629 687 1676 acceusae
699 1605 851 1698 Dryades
864 1603 1010 1674 candore
1022 1604 1145 1697 puellae

419 1719 548 1784 Miratae
560 1717 676 1785 solitos
688 1714 869 1784 destimere
882 1713 1019 1797 choros,

374 1823 572 1894 Prolubsnm
584 1823 702 1894 leviter
713 1823 799 1894 facili
813 1844 944 1894 traxere
958 1823 1098 1920 liquore.

421 1941 508 2003 Tum
523 1939 669 2005 sonitum
682 1952 780 2031 rapto
791 1958 934 2029 corpore
945 1937 1024 2004 feeit
1036 1937 1153 2032 Hyles.

375 2050 435 2112 Cui
449 2046 566 2138 procul
580 2045 712 2114 Alcides
723 2050 822 2114 iteret
833 2065 996 2140 responsa
1010 2071 1017 2113 :
1033 2045 1091 2115 sed
1103 2043 1149 2114 illl

365 2239 408 2292 35.
432 2241 522 2293 Nullo
543 2260 611 2296 eum
632 2231 736 2306 debita,
756 2240 834 2305 nulle
878 2242 1273 2313 ginesueAErroritaporitus,
1286 2254 1381 2296 utem

330 2320 465 2374 bominum
476 2324 534 2375 arti.
546 2320 638 2378 Nuttoe
646 2341 697 2396 pro
707 2321 790 2386 nulli,
804 2337 835 2376 ut
878 2337 916 2371 rs.
930 2320 969 2372 15.
977 2317 1049 2374 Male
1057 2319 1216 2372 Passeratius
1225 2318 1384 2372 etKnr'rroelr

331 2401 409 2452 etiam
421 2397 504 2454 Plauti
516 2401 573 2452 Mil.
585 2401 659 2454 Glor.
670 2402 723 2468 111,
736 2400 833 2468 1‚206.
882 2421 893 2447 ι
907 2398 1029 2468 Errorem
1042 2417 1118 2451 suum
1131 2397 1239 2470 (eorpus
1257 2416 1314 2452 esse
1329 2417 1382 2470 pu·

330 2479 370 2530 Sic
392 2479 440 2530 uni
463 2497 513 2552 pro
537 2481 616 2532 unius
639 2479 712 2552 apud
737 2476 833 2531 Catuli.
879 2489 951 2544 tans5
969 2477 1041 2549 quod
1051 2476 1142 2530 umbre
1156 2487 1183 2532 et
1196 2475 1285 2546 imago
1297 2477 1383 2548 erret)

331 2550 418 2622 XVII,
437 2574 477 2628 ¹7·
493 2555 560 2610 Vide
579 2570 605 2610 et
616 2557 763 2625 Nostrum,
778 2559 833 2624 111,
879 2557 1028 2630 longiorem
1040 2555 1147 2624 reddit,
1163 2555 1262 2610 blenda
1278 2556 1383 2612 etedti·

334 2649 381 2699 ιι,
407 2633 450 2703 57.
470 2664 506 2674 -
523 2636 576 2688 Sus
598 2637 729 2694 arboribus
737 2658 746 2698 ,·
771 2654 835 2707 pro,-
879 2637 968 2690 dentis
985 2637 1034 2690 sibi
1048 2633 1380 2706 simulacreepeetando.n

331 2713 389 2784 prie
408 2712 507 2766 dictum
532 2715 596 2776 rubr
627 2714 744 2786 pendent
765 2716 835 2771 enim
915 2715 959 2782 43.
972 2711 1281 2782 Flumina,undum,ut
1290 2715 1383 2785 lV,9‚

332 2787 433 2844 fructus
445 2787 537 2844 subter
554 2791 589 2846 de
605 2795 684 2846 remit
699 2793 833 2846 arborum.
881 2795 924 2846 36.
936 2794 1091 2846 -Innixus
1099 2793 1186 2845 dextro
1205 2792 1330 2860 humero,
1344 2795 1385 2846 in·

266 2867 272 2886 ⁸
368 2864 411 2934 4ο.
426 2865 590 2941 Propositum
601 2867 729 2943 officium.
742 2874 836 2926 Merui·
880 2872 993 2925 clinetur
1006 2873 1091 2926 nitens
1102 2870 1215 2924 brechio
1228 2870 1329 2925 dextro.
1343 2873 1385 2924 sie

333 2948 420 2999 nimus
432 2945 495 3019 quid
508 2951 540 3000 sit
551 2967 582 3002 ex
592 2951 710 3004 versibus
722 2952 834 3020 23-24.
881 2949 946 3021 eleg.
967 2949 1012 3016 16,
1034 2952 1086 3019 42,
1106 2947 1194 3006 oscula
1217 2952 1281 3002 nixa
1303 2949 1383 3016 dicit,

369 3022 412 3092 41.
432 3026 554 3092 Nescius,
578 3031 715 3096 incautus,
735 3031 836 3103 perieu-
880 3027 933 3082 hoe
953 3043 1007 3098 est,
1027 3049 1084 3102 quae
1098 3027 1145 3082 dat
1159 3028 1299 3080 inclinatus
1314 3045 1386 3081 ame·

334 3103 388 3157 lum
411 3125 464 3158 non
491 3111 610 3180 cogitans
635 3129 692 3162 esse
716 3111 775 3164 sibi.
801 3141 837 3152 -
881 3123 923 3162 tor
937 3129 997 3162 cum
1012 3111 1075 3160 nixu
1089 3107 1387 3162 lirnini.-·Plenatro·

332 3181 459 3240 Fonnosis
483 3189 565 3242 undis.
589 3193 670 3244 Inane
692 3193 837 3245 Burmanni
882 3187 944 3240 bens
958 3183 1386 3264 urnaeuaflumina.l’leaa‚ple·

253 3291 259 3302 =
334 3281 514 3332 commentum
542 3283 600 3337 est,
622 3269 674 3322 hoe
701 3271 836 3342 epitheton
880 3286 930 3330 πει
945 3265 1023 3336 bujus
1039 3269 1124 3318 neutri
1137 3261 1249 3316 vidimus
1266 3263 1386 3334 exemplu

335 3346 471 3397 referentis
481 3347 516 3398 ad
526 3349 836 3422 imaginem‚quamfons
882 3347 948 3418 eleg.
963 3347 1007 3412 16,
1023 3345 1063 3400 26.

334 3421 420 3474 reddit
431 3442 580 3496 expressam
589 3429 674 3498 pueri.
690 3425 757 3478 Satis
768 3429 837 3478 enim
919 3424 962 3492 45.
980 3425 1075 3498 cujum
1088 3423 1139 3476 boc
1150 3436 1206 3492 est,
1221 3421 1333 3476 humeri.

337 3515 456 3566 constat,
469 3503 493 3553 vi
504 3522 597 3556 sensus
609 3504 664 3556 fere
673 3501 746 3554 nulla
758 3503 838 3574 poni,
919 3503 963 3572 47.
972 3503 1083 3574 liquore
1089 3499 1184 3573 facili,
1196 3500 1288 3556 cedere
1299 3499 1388 3570 facili,

337 3597 395 3650 quae
408 3578 537 3652 pleraque
552 3579 653 3650 tingunt
662 3580 781 3651 formosa
794 3600 839 3632 re·
884 3597 914 3634 ut
924 3581 1041 3653 loquitur
1051 3580 1115 3652 eleg.
1135 3597 1179 3646 ιι,
1199 3597 1238 3633 12.

337 3672 421 3726 teres,
437 3660 550 3732 qualiter
562 3659 604 3710 bie
616 3677 676 3710 vere
690 3662 840 3730 Propertius
919 3660 962 3729 49.
978 3660 1026 3712 Cui
1038 3659 1131 3732 procul
1144 3657 1249 3711 Alcides
1259 3659 1336 3712 iterat
1348 3679 1391 3712 re·

336 3735 468 3809 loquitur,
481 3752 509 3790 ut
519 3738 755 3809 etaliisperrnultis
765 3737 838 3792 locis.
884 3759 985 3811 sponsa,
999 3752 1048 3790 etc.
1060 3741 1152 3811 Neque
1164 3737 1251 3804 bane,
1264 3757 1344 3810 quem
1356 3738 1389 3790 li-

337 3817 403 3870 Vide
414 3815 492 3889 supra
508 3816 573 3886 eleg.
595 3835 626 3882 a,
648 3835 681 3888 9;
699 3817 732 3884 4,
753 3821 841 3888 7511,
885 3817 926 3870 bri
943 3837 1035 3871 omues
1054 3821 1212 3890 proferunt,
1228 3819 1389 3889 scripturam

241 3890 245 3896 ’
343 3914 390 3965 19,
410 3895 458 3958 253
480 3895 528 3960 IV,
550 3895 583 3962 4,
604 3895 700 3946 dm-
721 3894 840 3950 Errarem
886 3898 998 3969 probare
1013 3916 1139 3972 possum,
1157 3916 1207 3950 neo
1225 3897 1388 3967 ingeniosum

340 3976 442 4038 tardet,
458 3993 557 4026 moram
572 3977 634 4028 facit
648 3977 748 4042 itineri,
767 3976 841 4030 blaa·
885 3981 1016 4032 Fonteinii
1036 3978 1215 4051 llusebltiiquo
1230 3975 1389 4033 emendatio-

340 4052 378 4104 dis
388 4053 667 4128 imuqinibru‚blan‹la
678 4069 770 4132 captus
780 4059 841 4114 ima-
886 4079 947 4114 uem
967 4061 1137 4114 scribentium
1166 4077 1197 4112 ex
1224 4055 1388 4112 Theocritus
