3122 4756
632 514 877 611 ELEGIA
909 516 992 616 rx.

638 719 700 781 AD
723 717 993 782 CYNTHIAM.

763 927 868 945 ὴ

620 1059 627 1082 l
704 1079 928 1116 snouuesrert.
982 1067 986 1083 ¹

332 1193 506 1252 Amatorem
520 1212 637 1252 novum
649 1191 741 1256 hebet
754 1191 907 1276 Cynthio,
920 1193 989 1269 sed,
1006 1206 1042 1254 ut
1053 1193 1087 1252 in
1100 1211 1207 1252 amore
1221 1209 1296 1272 tego
1307 1204 1338 1250 et

293 1287 449 1349 mutabilis
474 1300 535 1363 est,
556 1285 640 1348 hunc
661 1285 792 1370 ejectum
815 1311 888 1348 mox
908 1289 985 1350 alter
1006 1301 1157 1370 sequetur.
1179 1288 1207 1348 O
1229 1288 1339 1347 veteris

293 1386 417 1446 Graeciae
430 1406 548 1462 mores,
565 1406 585 1444 o
602 1386 699 1466 prisca
713 1385 788 1448 fides
805 1386 942 1469 perdite,
960 1407 1057 1468 quum
1073 1385 1172 1467 Ulyssi
1188 1385 1340 1468 Penelope

293 1495 384 1557 esset,
405 1502 502 1564 quum
521 1483 572 1564 pie
586 1481 670 1543 fleret
687 1484 797 1544 Briseis
813 1481 963 1544 Achillem
979 1483 1152 1544 mortuum!
1169 1481 1226 1543 Sed
1241 1493 1277 1541 tu
1291 1480 1340 1540 vel

292 1579 384 1638 unius
403 1578 517 1654 noc'tis,
538 1578 587 1638 vel
609 1581 699 1640 unius
720 1579 798 1656 diei,
821 1578 984 1662 improba,
1005 1593 1120 1640 castam
1142 1577 1339 1638 solitudinem

276 1672 370 1766 ¹ferre
384 1696 449 1736 non
468 1678 623 1737 sustines:
644 1675 704 1738 hoc
723 1679 789 1760 ipso
808 1690 984 1753 momento,
1005 1695 1110 1740 noune
1130 1677 1223 1738 etiem
1241 1675 1340 1737 elium

291 1774 385 1832 istum
398 1787 517 1855 captes,
532 1777 586 1854 qui
602 1774 705 1856 tejam
719 1775 811 1838 semel
824 1776 951 1857 reliquit
969 1789 1125 1836 amantem
1140 1773 1261 1836 suomi.
1274 1815 1281 1830 .
1294 1815 1301 1830 .
1314 1815 1337 1831 ..

292 1859 402 1930 Merite
413 1868 479 1951 jam
495 1872 589 1932 oblite
609 1895 663 1933 sua
683 1875 715 1932 in
737 1873 875 1956 puellam
896 1876 1077 1957 Propertius
1097 1884 1234 1944 revocat3
1256 1869 1339 1930 abire

88 2043 92 2050 Ι
153 1993 154 1998 ’
234 2033 235 2038 1
289 1965 390 2047 jussus
404 1981 505 2050 paret,
520 1969 661 2052 ceditque
671 1971 779 2046 rivali3
795 1971 964 2054 Cupidines
977 1983 1109 2052 orat,ut
1121 1969 1189 2029 telis
1202 1969 1263 2028 suis
1276 1980 1339 2026 tam

290 2061 406 2122 acerbae
423 2063 493 2125 vitto
509 2063 606 2124 finem
622 2064 757 2149 denique
775 2066 903 2128 faciant.
921 2069 982 2148 (De
998 2067 1114 2128 caeteris
1130 2085 1195 2125 non
1213 2061 1339 2141 integris

294 2158 363 2218 vide
379 2161 495 2239 notas.)
1246 2163 1252 2176 '

761 2297 872 2315 ...—

342 2397 424 2508 lsre
436 2441 528 2536 quod
540 2459 607 2525 est,
623 2467 685 2534 ego
697 2466 786 2534 eaepe
798 2443 867 2510 lui:
884 2439 943 2508 sed
955 2439 1025 2506 fors
1037 2453 1071 2505 et
1080 2438 1118 2504 in
1129 2436 1212 2505 hora

387 2555 459 2618 Hoc
470 2555 543 2643 ipso
556 2553 661 2644 ejecto
674 2556 782 2620 carior
793 2549 878 2618 alter
890 2553 961 2618 erit.

339 2660 505 2753 Penelope
516 2677 648 2752 poteret
658 2661 709 2728 bis
721 2661 827 2728 denos
842 2659 935 2726 salve
948 2682 1008 2750 per
1022 2679 1130 2726 annos

386 2771 521 2852 Vivere,
534 2784 602 2835 mm
614 2768 727 2836 multis
742 2769 866 2836 semina
877 2768 978 2861 digna
992 2768 1119 2860 procis,

340 2877 541 2972 Conjugium
555 2879 640 2947 falsa
652 2898 784 2974 poteret
794 2879 932 2948 differre
944 2882 1114 2962 Minerva,
1325 2889 1341 2941 5

386 2995 557 3058 Nocturno
570 2989 704 3060 solvens
719 2987 1052 3072 textadiurnad0103

339 3101 460 3168 Visura
472 3120 505 3168 et
518 3106 672 3196 quemvis
687 3127 875 3200 numquam
887 3117 1039 3196 speraret
1049 3099 1190 3182 Ulixen,

388 3209 487 3277 lllum
500 3213 725 3304 exspectando
737 3214 824 3282 fecta
835 3215 997 3280 remansit
1009 3234 1107 3280 onus.

333 3396 355 3430 r.
374 3379 426 3433 Iste
440 3380 510 3452 quod
521 3392 572 3449 est,
592 3383 663 3456 quod
677 3399 748 3435 nunc
766 3385 794 3434 in
839 3383 942 3435 aneil
959 3381 1058 3452 recepit
1075 3393 1101 3433 ot
1116 3377 1264 3432 Marklandt
1276 3376 1340 3432 sola.

295 3477 385 3512 amore
396 3473 443 3511 tuo
460 3473 514 3528 est,
528 3461 579 3516 lroc
596 3481 643 3537 eqo
659 3481 725 3536 toepe
737 3462 794 3535 fui.
875 3459 900 3514 5.
913 3461 1034 3517 Minerua
1049 3477 1098 3532 pro
1111 3472 1165 3511 erte
1181 3460 1238 3530 ipse
1257 3471 1341 3510 texto·

294 3537 459 3612 Explicetum
470 3541 571 3595 videbis
588 3559 735 3614 pronomen
751 3543 796 3595 iste
840 3542 889 3607 tis,
901 3553 931 3591 ut
945 3539 1018 3612 opud
1027 3537 1118 3610 virgil.
1128 3537 1186 3590 AEn.
1198 3539 1268 3604 VllI,
1277 3537 1339 3608 ⁴⁰9·

295 3618 329 3670 sd
353 3623 381 3687 l,
398 3638 429 3684 2,
447 3619 489 3674 25.
509 3650 544 3661 -
557 3621 648 3688 Hora,
670 3623 796 3694 temporis
876 3637 900 3689 7.
914 3619 951 3672 Et
964 3619 1082 3693 quamve
1096 3634 1241 3688 numquam
1257 3618 1342 3679 visura

297 3713 474 3764 momentum,
487 3702 551 3763 utl,
565 3701 596 3767 6,
611 3719 637 3754 rt
652 3701 732 3756 0135.
841 3711 972 3774 speraret,
1000 3718 1145 3774 numquam
1158 3718 1196 3754 ,se
1217 3702 1339 3753 visuram.

332 3780 358 3833 3.
373 3781 500 3849 Poterat,
521 3783 616 3852 potuit.
641 3781 719 3835 Geni.
739 3794 796 3836 not.
841 3781 1343 3836 Graeeoloeutioest-Faetoremamit

299 3857 333 3911 ed
345 3860 374 3925 Ι,
388 3875 434 3926 ιο,
449 3878 473 3914 2.
492 3861 632 3928 -Saloa,
653 3861 687 3914 eb
708 3881 798 3914 amore
842 3881 914 3930 onus,
922 3865 993 3915 laeta
1002 3875 1122 3916 enusest.
1130 3859 1248 3913 Verbum
1259 3877 1342 3912 rema·

300 3938 411 4001 milicem
422 3941 585 4012 incorrupto.
599 3939 679 3994 Nullo
690 3955 798 3994 tenten—
842 3959 902 3993 nere
912 3959 966 3992 non
978 3939 1111 4012 intelligo,
1124 3941 1175 3992 nisi
1184 3957 1245 3992 eum
1254 3936 1340 3989 Lech-

299 4018 340 4070 sie
362 4017 434 4072 bono
452 4019 571 4074 Koinoel
586 4021 798 4074 emendationem
842 4038 940 4074 menno
955 4022 1092 4075 statuimus
1104 4017 1196 4072 eadem
1209 4017 1340 4090 significe-
