3128 4760
318 340 384 430 ³9⁸
604 337 864 404 rnornnrtt
889 339 977 404 ιιι.
1005 341 1073 406 ιιι.

411 492 477 554 Aut
489 482 592 553 modo
605 486 763 576 Pompeia
775 487 920 578 Bosporo
934 501 1030 577 capte
1044 491 1169 554 manu?
1326 503 1360 553 (ιο

364 593 560 665 Hannibalis
575 595 700 688 spolia,
713 611 746 662 et
758 596 837 662 victi
848 601 1068 664 monumenta
1081 595 1262 689 Syphacis?

408 711 451 774 Et
462 705 581 799 Pyrrhi
591 705 636 774 ad
646 721 779 776 nostros
794 704 898 797 gloria
910 706 1015 812 fracta
1026 706 1151 800 pedes?

317 843 320 848 ·
363 821 499 886 Curtius
510 817 649 911 expletis
662 821 777 886 statuit
787 833 1007 887 monumenta
1017 817 1165 902 lacunis,

410 937 458 997 Ac
469 933 590 998 Decius
601 933 705 998 misso
716 928 832 1023 proelia
842 931 935 1023 rupit
946 953 1051 1025 cquo;

353 1081 676 1152 truannioalisspotta,
689 1083 820 1134 etudine
865 1085 947 1135 tentia
965 1083 999 1135 ad
1017 1081 1087 1135 hano
1104 1085 1140 1135 ita
1161 1085 1268 1148 transit,
1284 1097 1314 1137 ut
1328 1102 1363 1136 ue

317 1157 389 1212 hunc
401 1179 504 1213 versum
514 1163 563 1214 viri
572 1159 659 1227 docti,
672 1163 820 1214 Passeratio
865 1163 962 1214 seritius
983 1161 1106 1234 quidem
1124 1165 1161 1214 ita
1174 1163 1293 1233 increpat
1311 1164 1364 1215 Ro·

319 1240 459 1306 suadente,
484 1239 550 1293 illud
569 1239 702 1294 distichon
720 1257 820 1314 posue·
864 1261 971 1310 manos,
987 1257 1017 1298 ut
1027 1244 1148 1298 Curtium
1158 1261 1265 1314 quoqne
1278 1243 1365 1294 anDa·

317 1332 393 1386 runt,
410 1319 482 1391 quod
501 1321 530 1370 in
542 1317 685 1372 Codicibus
704 1316 820 1370 medium
864 1324 935 1374 cium
951 1337 977 1375 et
997 1337 1107 1376 ceteros
1124 1325 1260 1395 increpare
1278 1319 1364 1374 videa·

317 1399 386 1450 inter
403 1415 492 1451 versus
510 1398 544 1451 68
563 1397 642 1466 e169
665 1415 722 1449 essa
737 1398 818 1468 paulo
863 1413 915 1452 tur.
937 1399 1029 1474 Neque
1050 1400 1105 1453 ulla
1122 1411 1178 1454 erat
1198 1412 1253 1452 tam
1272 1401 1366 1452 aeriter

317 1491 377 1531 ante
386 1477 553 1544 dicebamus,
569 1478 649 1530 Nunc
666 1477 709 1528 ubi
720 1475 820 1548 Scipia—
863 1477 1104 1532 invehendi-cause
1124 1501 1130 1531 ε
1153 1479 1175 1532 ιί
1194 1481 1279 1531 Roma
1296 1478 1364 1530 victa

318 1558 357 1609 dre
368 1556 470 1624 clunes,
487 1570 538 1610 etc.
556 1557 609 1609 Cur
620 1573 669 1608 nos
685 1554 774 1608 denuo
791 1558 820 1608 in
864 1570 948 1622 esset,
961 1571 1087 1629 poterant
1097 1559 1185 1610 omnis
1198 1557 1244 1610 illa
1257 1558 1366 1628 periisse

318 1636 398 1688 aliurn
421 1636 510 1688 locum
533 1635 820 1705 transportaverimus‚
864 1635 931 1698 dici;
942 1655 1028 1704 nunc,
1042 1656 1124 1709 quum
1134 1638 1238 1690 timeret
1248 1649 1365 1702 tuntum,

317 1727 375 1767 toto
388 1717 521 1768 sententie
535 1712 635 1766 ambitu
652 1712 820 1765 considerato
865 1713 962 1768 frustra
976 1729 1036 1768 ecta
1047 1734 1102 1768 non
1114 1727 1201 1780 erant,
1214 1716 1278 1786 qniu
1287 1726 1313 1767 et
1321 1716 1366 1784 ju-

317 1793 465 1864 intelliges:
483 1791 609 1865 -Septem
630 1790 694 1844 urbs
711 1792 763 1844 alta
774 1795 820 1864 ju·
864 1811 926 1846 vara
943 1812 997 1846 non
1018 1792 1084 1845 nihil
1105 1805 1236 1863 poterant.
1257 1791 1364 1860 Quanto

316 1875 372 1944 gis,
383 1887 440 1926 toto
451 1891 508 1945 qun
520 1872 642 1943 presidet
655 1869 727 1937 orbi,
737 1873 820 1924 Femi·
864 1873 943 1940 igitur
969 1873 1065 1924 rectius
1088 1873 1137 1924 orit
1158 1869 1210 1922 hoc
1234 1869 1365 1922 distichon

316 1970 380 2006 neas
401 1952 491 2005 timuit
504 1952 597 2002 territa
616 1951 700 2002 Marte
718 1950 818 2000 minas!
864 1951 944 2003 Nunc
965 1951 1024 2014 ubi,
1044 1963 1094 2002 etc.
1115 1948 1178 2002 illuc
1196 1951 1364 2020 reposuisse,

316 2029 409 2102 [Nunc
430 2023 474 2082 ubi
495 2029 623 2100 Scipiades
645 2027 755 2092 claues,
776 2027 821 2078 ubi
854 2028 911 2084 rubi
925 2027 958 2080 de
973 2030 1067 2080 timore
1081 2045 1135 2079 non
1155 2029 1257 2098 agitur,
1272 2027 1365 2080 redde

315 2110 390 2182 signe
404 2107 528 2173 Camilli,
540 2109 595 2159 Aut
604 2107 680 2160 modo
693 2107 820 2177 Pompeia
864 2109 983 2182 periculo
1004 2107 1063 2160 urbi
1083 2127 1098 2160 a
1115 2109 1254 2180 Cleopatra
1277 2109 1364 2162 irnmi-

252 2203 258 2215 ·
317 2189 429 2258 Bospore
447 2197 521 2259 capte
530 2183 648 2256 manui]
664 2183 820 2237 Hannibalis
864 2201 962 2240 nente:
978 2188 1078 2247 illunc
1092 2188 1139 2240 ubi
1155 2187 1284 2259 Scipiadte
1298 2185 1366 2242 clas·

316 2268 415 2342 spolia,
428 2281 455 2320 et
466 2269 528 2320 victi
539 2264 820 2337 monumentaSypha·
863 2283 916 2332 ses,
931 2267 1058 2339 unirique
1072 2265 1196 2332 Camilli,
1217 2265 1272 2319 Aur
1287 2268 1365 2320 modo

315 2349 372 2402 cisi
394 2349 426 2400 Et
446 2345 535 2420 Pyrrhi
554 2344 588 2398 nd
607 2357 714 2398 nostros
735 2343 820 2414 gloria
865 2343 991 2416 Pompeia
1022 2344 1132 2417 Bospore
1164 2353 1239 2414 capte
1264 2346 1366 2396 manu?

316 2428 400 2478 fracta
411 2425 512 2496 pedes?
526 2424 630 2476 Curtius
642 2420 752 2494 expletio
767 2433 821 2473 sta·
864 2421 936 2490 Quid
947 2439 1018 2474 nnnc
1032 2423 1170 2494 Tarquinii
1184 2425 1282 2476 fractas
1290 2426 1366 2493 juvat

317 2505 366 2556 tuit
386 2515 557 2556 monumento
575 2503 695 2566 lacunis,
714 2503 752 2552 Ac
766 2501 820 2552 De·
864 2519 921 2554 esse
939 2519 1082 2554 secures...
1094 2503 1121 2554 Si
1136 2501 1230 2554 mulier
1240 2503 1365 2574 patienda

315 2584 491 2636 cius....Htec
509 2580 536 2631 di
554 2579 747 2644 condiderunt,
763 2577 819 2632 hec
864 2581 954 2632 fuit?-
982 2583 1041 2633 lam
1067 2599 1129 2632 sero
1153 2579 1205 2634 hoc
1226 2583 1364 2635 effecimus

316 2660 345 2711 di
359 2677 466 2731 quoque
480 2660 577 2710 moenia
592 2668 712 2710 towantr
726 2658 774 2707 Vix
785 2658 820 2708 ti·
865 2657 987 2730 qnidem‚
1003 2671 1033 2710 ut
1044 2671 1137 2712 catera
1151 2661 1253 2726 omnis,
1265 2661 1304 2712 uti
1316 2659 1365 2712 de·

317 2751 395 2803 mest,
403 2737 474 2790 salvo
484 2735 684 2802 &soranam
695 2735 817 2786 lovem·
864 2737 942 2804 beut,
955 2735 990 2789 ad
1003 2737 1077 2791 illum
1087 2757 1190 2791 versum
1204 2739 1296 2792 retem·
1305 2757 1366 2811 pot·

317 2821 431 2871 Primum
440 2813 643 2888 ineptepondus
653 2817 766 2867 orationi
775 2815 820 2867 sd·
864 2819 931 2884 sint,
948 2819 1030 2870 «Rrec
1050 2817 1077 2871 di
1097 2819 1288 2885 condiderunt,
1308 2818 1364 2872 hec

316 2896 370 2962 dit,
383 2915 439 2949 non
448 2898 596 2967 Bosporum
608 2893 708 2962 modo,
731 2893 779 2948 sed
795 2907 822 2948 et
864 2893 892 2945 di
903 2911 1012 2967 quoque
1025 2899 1123 2949 moeuia
1133 2909 1252 2949 servants
1263 2919 1277 2942 ι
1288 2910 1365 2950 ente·

316 2973 471 3028 Hannibalis
485 2971 586 3046 spolia,
600 2975 703 3026 stricti
719 2972 820 3046 Sypha·
864 2990 923 3024 rum
940 2975 1025 3025 oratio
1046 2992 1101 3026 non
1120 2975 1197 3026 nimis
1215 2973 1289 3026 firmo
1310 2973 1364 3026 telo

316 3059 356 3109 cis
366 3069 556 3120 monumenta,
569 3067 595 3107 et
604 3055 715 3107 fractam
728 3054 820 3126 Pyrrhi
864 3053 980 3106 incedit:
995 3055 1121 3125 -Septem
1133 3053 1197 3106 urbs
1212 3054 1264 3106 elta
1276 3057 1364 3127 jugis,

315 3134 426 3205 &oriam
447 3132 613 3205 alloquendo.
633 3133 756 3204 Ejusdem
772 3152 820 3186 au·
863 3144 922 3184 toto
940 3151 997 3205 qua
1012 3131 1133 3203 prusidst
1144 3129 1215 3196 orbi,
1229 3133 1364 3186 Femineas

316 3226 371 3265 tem
379 3212 510 3284 Scipionis
520 3212 560 3264 bis
571 3214 732 3264 mentionem
742 3212 819 3279 facit,
865 3212 949 3264 timuit
959 3213 1049 3262 territo
1056 3210 1141 3262 Marte
1151 3211 1248 3262 minas!
1262 3211 1366 3263 Hunni·

316 3289 445 3362 Scipiades
461 3291 551 3343 classes
569 3288 820 3354 commemorando,
866 3289 931 3342 batis
941 3288 1038 3360 spolia,
1055 3302 1080 3342 et
1093 3289 1155 3342 uicti
1166 3287 1364 3364 [monumenta]

317 3369 594 3423 etuictimonumenta
603 3368 736 3440 Syphacis.
751 3369 819 3420 Tum
864 3369 1005 3442 Syphacis,
1027 3371 1059 3422 Iit
1084 3369 1172 3440 Pyrrhi
1198 3369 1232 3421 ed
1259 3385 1365 3424 nostros

317 3451 345 3502 in
366 3467 444 3502 sensu
467 3447 564 3500 horum
585 3449 731 3499 carminum
752 3449 820 3498 inest
864 3448 949 3518 gloria
961 3449 1046 3500 fructu
1055 3447 1145 3519 pedes.
1159 3447 1265 3501 Curtius
1277 3449 1366 3520 exple·

316 3547 395 3600 grave
410 3529 510 3579 vitium.
524 3527 564 3578 Illi
580 3543 669 3578 versus
685 3526 821 3578 Nuncutt
865 3529 897 3578 tis
929 3529 1019 3578 statuit
1043 3537 1215 3580 monumenta
1242 3526 1365 3593 lacunis,

318 3621 345 3658 et
365 3605 522 3659 Hannibalis
542 3605 627 3678 spolia
648 3603 681 3655 ad
702 3607 820 3676 priorem
850 3597 937 3658 'etn-
961 3605 1029 3656 Nam
1042 3601 1115 3676 quod
1131 3603 1243 3676 Vulpius
1260 3604 1305 3657 illa
1319 3621 1367 3658 vo·

319 3689 473 3738 renuntiem
486 3687 633 3757 pertinent,
651 3685 753 3756 Septem
765 3687 821 3740 urbs
865 3684 943 3737 cundi
969 3702 1048 3748 casu,
1074 3681 1239 3736 exclamandi
1260 3687 1365 3756 pratia,

317 3761 373 3816 altu
383 3765 471 3838 jupir,
491 3779 558 3826 etc-3
581 3783 638 3837 que
660 3779 821 3836 sequuntur,
864 3763 1053 3829 dictumest,
1065 3779 1141 3835 ungu
1158 3777 1226 3816 suut.
1242 3761 1294 3815 Sed
1307 3781 1366 3817 ma-

320 3845 420 3896 Ctrrtius
428 3841 549 3915 expletis,
565 3857 615 3895 etc.
627 3841 661 3894 ad
672 3842 740 3896 hanc
752 3843 820 3896 refe·
864 3843 973 3894 nifestus
987 3839 1030 3892 hic
1045 3853 1083 3894 est
1097 3840 1264 3895 librariorum
1282 3861 1364 3894 error.

319 3921 401 3974 rende
416 3935 494 3986 sunt,
509 3922 572 3974 Hoec
586 3920 615 3974 di
632 3921 819 3986 condidenrnt,
864 3921 932 3972 Nam
942 3935 1114 3974 monumenta
1124 3920 1158 3972 ob
1169 3919 1313 3993 Syphacem
1322 3919 1366 3974 de·

317 4013 368 4052 etc.
383 4000 561 4054 Nihilominus
570 4015 650 4073 poeta
663 4001 696 4054 ab
706 4000 751 4054 illa
760 4019 820 4054 sen·
864 3999 962 4052 victum
981 3999 1054 4054 nullu
1069 3999 1186 4072 Scipioni
1206 4004 1293 4072 posita
1308 4001 1365 4054 fue·
1419 3999 1426 4014 ‘
