3128 4766
298 383 335 426 η
617 317 879 430 ΡιιοΡΕιὶΤιι
907 367 1019 433 vira

292 501 425 571 spretam
432 487 511 570 juria
523 488 682 550 scientiam
692 509 710 548 a
722 489 835 552 Nostro
847 490 1040 568 subindicat,
1051 491 1174 577 forique
1182 498 1333 558 meminit.

292 587 350 648 Cui
363 586 514 671 Propertii
526 599 598 647 aetas
616 588 759 648 nondum
778 600 851 672 apta
867 590 939 650 satis
957 591 1124 675 pangendo
1142 593 1273 654 carmini
1290 596 1335 654 vi·

291 682 394 759 detur,
408 685 435 744 ia
449 681 543 744 velim
555 683 684 764 cogitet,
701 683 850 746 Ovidium
868 706 992 768 quoque
1005 687 1176 750 admodum
1188 689 1333 772 juvenem
1347 729 1349 736 ,

280 781 429 843 ,carmina
438 803 493 844 sna
502 783 639 843 recitasse
650 781 782 864 publice,
793 783 871 846 sieut
883 785 948 867 ipse
957 786 1041 846 canit
1053 787 1143 849 Trist.
1155 789 1209 864 lv,
1224 809 1270 866 ao,
1281 788 1318 852 55
1326 813 1343 848 :·

476 935 554 998 thue
566 950 610 998 ego
619 936 731 998 majores,
741 939 821 984 sicma
832 937 924 984 coluere
932 939 1046 998 minorm

509 1006 615 1069 Notaque
624 1021 671 1054 non
680 1005 746 1054 tarde
754 1005 816 1054 icem
823 1008 904 1056 'l’balia
913 1025 967 1056 anea
974 1022 1016 1058 eat.

477 1077 585 1124 Carnum
593 1093 666 1140 quum
676 1079 778 1142 ρήωιιηι
786 1078 876 1142 populo
882 1079 995 1142 juvenilia
1003 1081 1060 1146 lapi,

508 1147 583 1195 Barba
591 1161 678 1196 retecta
687 1148 745 1196 mibi
753 1149 818 1197 bisve
827 1148 928 1197 umelve
936 1150 989 1198 fnit.

612 1280 644 1331 Δ.
659 1279 692 1331 U.
705 1279 734 1332 G.
749 1295 797 1348 7²¹
809 1299 816 1342 ;
830 1279 961 1351 Propertii
976 1297 1018 1334 ao.

459 1355 545 1409 (haar
555 1355 717 1412 Octavianus
729 1358 769 1420 n;
780 1356 917 1412 Volcatius
932 1358 1041 1428 Tullus,
1054 1363 1084 1414 t„
1097 1359 1173 1414 filius.

334 1513 421 1574 Circa
444 1513 504 1575 hoc
524 1527 646 1596 tempus
670 1517 805 1597 Lycinna
826 1516 969 1598 quodam
994 1519 1190 1600 Propertium
1213 1523 1337 1582 Veneris

294 1610 385 1672 sacris
398 1611 519 1688 initiat,
529 1613 571 1673 ita
584 1625 707 1689 temen,
715 1626 751 1673 ut
759 1613 824 1695 ipse
834 1634 903 1675 non
913 1627 978 1676 mm
990 1628 1087 1691 amet,
1097 1635 1191 1698 qnam
1203 1630 1335 1680 ameum:

293 1704 377 1768 unde
388 1705 458 1789 jure
469 1729 526 1770 suo
540 1707 578 1769 de
590 1707 739 1802 Cynthia,
751 1721 952 1792 posteaquam
965 1713 1076 1774 amoris
1083 1714 1261 1776 tirocinium
1271 1712 1336 1798 jam

296 1821 457 1885 posuerat,
472 1805 502 1882 t,
520 1829 553 1882 1,
573 1828 605 1866 a:

513 2299 606 2362 &aba
612 2303 752 2368 primafitit,
761 2301 861 2368 cynthi·
871 2303 923 2350 finit
933 2300 994 2350 erit)

295 2426 342 2486 De
352 2427 499 2510 Lycinnee
510 2442 614 2492 autem
626 2431 789 2492 conatibus
800 2428 960 2492 irretiendi
972 2427 1133 2506 Nostrum,
1144 2427 1208 2511 ipse
1215 2429 1275 2505 111,
1289 2429 1338 2502 15,

297 2523 333 2598 5;
347 2545 443 2606 quam
456 2524 585 2608 elegiam
598 2525 739 2608 equidem
754 2525 803 2586 vel
818 2525 954 2586 maxime
966 2535 1127 2604 tamquam
1139 2521 1230 2583 filum
1243 2523 1340 2605 quod·

296 2617 371 2680 dam
382 2621 571 2682 driadneum
584 2623 618 2682 in
632 2621 849 2705 computandis
860 2621 952 2681 annia
966 2619 1118 2701 Propertii
1131 2639 1251 2700 sequor.
1265 2618 1342 2680 Inde

297 2717 400 2793 enim,
418 2719 477 2779 nisi
495 2738 545 2779 me
563 2719 668 2788 omnia
689 2717 819 2795 fallunt,
840 2715 1004 2778 manifesto
1025 2727 1128 2798 patet,
1146 2715 1340 2798 Propertium

297 2812 401 2871 statim
415 2833 433 2873 a
444 2825 546 2874 sumta
557 2811 641 2874 virili
653 2828 727 2896 toga
737 2814 772 2874 in
781 2813 932 2896 Lycinna
943 2812 1099 2874 amoribus
1109 2832 1166 2894 per
1175 2832 1275 2873 unum
1288 2825 1342 2872 aut

297 2907 431 2970 alterum
445 2931 565 2971 annum
581 2925 735 2972 versatum
748 2931 827 2987 esse,
847 2909 933 2992 quod
953 2923 983 2970 et
1002 2910 1174 2970 Passeratio
1190 2909 1230 2970 ad
1249 2911 1341 2970 istum

296 3002 400 3065 locum
411 3007 455 3067 ita
465 3007 597 3069 videtur.
611 3007 668 3068 Sed
678 3017 787 3090 captus
799 3018 869 3090 post
879 3027 898 3066 a
907 3003 1042 3088 Cynthia
1050 3007 1158 3067 Noster
1169 3006 1341 3088 Lycinnam

299 3102 425 3179 deserit,
445 3116 493 3183 et,
513 3125 612 3187 quum
632 3105 762 3186 elegiam
789 3104 822 3164 15
849 3095 908 3164 lib.¹
927 3105 970 3164 111
991 3103 1151 3178 scriberet,
1172 3122 1227 3184 per
1248 3103 1341 3162 trien·

300 3199 389 3260 nium
405 3200 468 3263 fere
481 3223 552 3262 cum
563 3201 698 3286 Cynthia
709 3215 927 3278 consueverat,
941 3201 1020 3262 sicut
1034 3201 1098 3282 ipse
1108 3198 1190 3260 canit
1201 3219 1245 3259 vs.
1257 3218 1294 3278 7:

457 3349 556 3403 Tertius,
566 3345 629 3394 band
638 3347 712 3394 multo
722 3347 797 3394 minna
806 3358 853 3402 est,
863 3359 936 3408 quum
944 3344 1033 3391 ducitur
1039 3355 1130 3388 mmm.-

485 3419 528 3466 Vix
536 3419 631 3466 memini
640 3419 706 3466 nobit
715 3417 787 3482 (mitt
795 3427 818 3465 et
827 3415 946 3477 facitu)
958 3413 1029 3462 verba
1039 3413 1112 3460 cointe
1122 3411 1211 3459 decem

455 3491 542 3536 Cuncta
551 3501 606 3538 tuns
615 3490 720 3553 sepelivit
728 3505 808 3544 amon
819 3503 863 3534 nec
872 3487 959 3534 iamim
966 3496 1019 3548 post
1028 3496 1051 3531 te

486 3557 539 3606 utta
548 3559 613 3608 dedit
621 3559 684 3608 eollo
695 3559 773 3607 dulcia
780 3557 857 3606 vincia
866 3572 927 3606 tacu·

301 3687 371 3747 Jam
382 3687 406 3748 ai
417 3688 590 3772 Propertius
604 3689 742 3772 quinque
756 3706 856 3748 annos
868 3683 971 3746 serviit
982 3679 1138 3764 Cynthiae,
1151 3693 1187 3742 ut
1201 3683 1268 3763 ipse
1281 3681 1323 3742 111
1333 3725 1342 3752 ,

303 3785 355 3860 ab,
369 3787 403 3864 3,
416 3789 513 3864 canit,

488 3940 641 4004 Quirquetibi
650 3940 809 4002 punimini
817 3935 917 3984 fideliter
924 3949 1008 3991 eurus,
