3116 4756
520 377 702 443 resnou
725 379 858 444 xxrx.
1147 386 1214 475 2s9

217 507 325 596 Atque
336 503 382 568 ita
393 501 440 568 mi
451 499 575 594 injecto
586 501 744 572 dixerunt
754 527 873 572 rursus
883 507 1027 574 amictu:

263 617 398 696 Inuus,
411 629 445 680 et
455 631 571 682 noctes
584 613 674 684 disce
686 639 822 684 manere
834 613 936 684 domi.

217 725 319 792 Mune
330 739 418 807 erut,
432 739 466 792 et
477 724 585 808 volui,
599 727 627 793 si
639 725 710 794 solo
724 729 913 820 quiesceret
922 725 996 812 ills,

263 836 398 903 Visere:
413 851 448 902 st
459 837 494 904 iu
506 835 593 904 letto
604 835 749 929 Cynthio
760 833 831 904 sola
843 837 917 905 fuit.

217 944 406 1040 Obstupui:
422 970 491 1015 non
502 945 558 1014 illu
570 947 652 1015 mihi
664 947 842 1016 formosior
853 972 1016 1044 umquam
1183 964 1216 1019 25

263 1057 360 1139 Visa,
371 1079 483 1151 neque
496 1057 622 1124 ostrina
634 1080 741 1150 quum
751 1057 815 1124 fuit
826 1059 861 1124 in
873 1058 1003 1140 tunice,

219 1165 293 1235 that
303 1182 342 1234 ut
350 1165 429 1234 hinc
440 1183 540 1234 oostae
551 1181 725 1234 narratum
737 1169 866 1234 somnia
877 1172 1003 1252 Vestae,

265 1279 340 1344 Neu
349 1275 427 1360 sibi,
440 1300 525 1344 neve
538 1274 619 1344 mihi
631 1300 709 1370 quae'
717 1278 869 1344 nocitura
881 1276 1002 1345 forent.

220 1383 313 1454 Talis
323 1387 394 1454 visa
408 1383 491 1452 mihi
502 1407 622 1453 somno
635 1383 772 1452 dimissu
784 1387 926 1468 recenti,

267 1497 473 1591 Oquuotum
484 1518 594 1588 perse
605 1491 746 1562 candido
761 1493 870 1564 forms
882 1493 988 1564 volet!
1184 1513 1220 1566 3ο

221 1612 345 1696 Quoto
356 1608 558 1704 matutinus,
570 1609 632 1690 uit,
645 1605 836 1699 speculator
846 1609 984 1676 amico?

174 1780 208 1835 ud
222 1780 348 1836 iudiotsm
360 1781 452 1850 uobis,
467 1781 574 1836 domum
581 1803 591 1846 ,·
607 1784 676 1855 Cyn·
719 1797 790 1850 tutu,
807 1803 869 1836 eum
882 1782 1049 1838 Lseltmnuuo
1064 1787 1220 1844 scribimost

175 1860 235 1914 titire
246 1879 350 1932 nempe.
722 1865 822 1914 attane
834 1877 903 1930 erat,
918 1877 944 1916 et
955 1863 1042 1931 volui,
1052 1868 1073 1918 si
1083 1865 1139 1920 solo
1152 1871 1224 1941 quie·

212 1959 256 1996 nt.
280 1942 380 2014 injecto
397 1942 436 1994 mi
456 1959 539 1995 rursus
558 1943 675 2004 omiotu‚·
719 1942 1223 2021 soeretillu‚Visere:stinlectoCJn-

175 2020 203 2074 itl
213 2034 268 2086 est,
281 2023 378 2090 injecto
386 2019 462 2086 mihi,
474 2039 551 2092 quem
561 2021 677 2072 detraxe·
720 2017 775 2070 thia
789 2019 844 2072 solo
864 2020 922 2070 fuit.
942 2019 1093 2091 Obstupui:
1109 2041 1163 2075 nou
1177 2023 1223 2079 ills

176 2112 253 2167 runt,
268 2101 365 2150 amictu
375 2117 443 2150 meo.
456 2101 550 2151 Rursus
559 2100 677 2170 injicere,
721 2096 784 2148 mibi
797 2099 939 2150 formosior
951 2117 1076 2171 umquam
1087 2102 1148 2155 Viso
1157 2126 1165 2167 ς
1175 2124 1224 2158 ne·

176 2179 314 2230 restituere
339 2175 492 2246 injiciendo.
516 2205 553 2217 -
574 2179 676 2230 Noctes.
722 2193 772 2246 que
789 2177 889 2228 ostrina
904 2195 983 2247 quum
995 2178 1055 2249 fuit
1069 2181 1096 2231 in
1116 2186 1223 2252 tunice,

175 2255 310 2325 Scriptura
326 2253 383 2307 lite
403 2253 530 2305 librorum
550 2257 675 2305 omnium.
721 2253 778 2304 Ibat
792 2265 820 2304 ut
838 2251 900 2304 ltinc
915 2267 992 2306 castre
1007 2269 1141 2310 narratum
1154 2281 1224 2313 som.

175 2333 264 2386 Noctu
279 2331 457 2384 Bronlrhusius
469 2331 502 2384 do
513 2335 678 2384 correctione
722 2334 765 2383 nia
785 2336 882 2397 Vestro,
905 2335 963 2384 Neu
986 2332 1049 2398 silui,
1069 2355 1134 2389 neve
1160 2340 1225 2392 milri

176 2411 678 2483 Heinsii,quodcumamiotujuoctum
723 2411 1224 2482 quaeuooitursforent'l'ulisvissrnilti

176 2493 279 2562 ingrate
294 2487 327 2542 sd
341 2508 417 2542 eures
430 2490 535 2542 eccidit.
723 2507 816 2542 somno
826 2489 929 2541 dimissa
940 2492 1039 2541 recenti
1048 2491 1225 2566 (Oqunutum

213 2572 256 2623 23.
276 2571 358 2621 Mane
375 2580 431 2621 erat
440 2609 450 2637 ,
468 2583 518 2621 eto.
530 2569 631 2622 Ordine
652 2583 679 2622 et
722 2587 770 2640 per
782 2585 810 2619 se
821 2565 935 2618 candidu
947 2568 1225 2644 formsvslet!)‚Qu0

178 2667 257 2703 sensu
266 2647 339 2700 nullo
349 2651 522 2700 constitutum
532 2660 616 2700 totum
626 2646 679 2700 hoo
723 2659 752 2697 tn
766 2645 925 2712 matutinus,
938 2645 988 2710 sit,
1001 2647 1155 2717 speculator
1165 2655 1227 2706 ami.

178 2729 207 2780 iu
229 2725 419 2798 exemplaribus
441 2728 593 2797 impressis,
620 2729 678 2778 its:
724 2728 799 2781 crei-
821 2755 857 2768 -·
875 2729 958 2778 Mane
981 2739 1051 2795 erat,
1075 2746 1126 2783 eto.
1146 2737 1226 2788 Conf.

182 2808 284 2860 uMsue
293 2819 362 2872 erut,
375 2819 402 2858 et
412 2803 499 2869 volui,
511 2805 532 2855 si
542 2803 597 2856 sols
609 2807 681 2876 quie·
723 2807 856 2870 mertun,
868 2807 894 2856 in
907 2807 974 2858 imit.
989 2807 1058 2860 Goll.
1071 2811 1104 2861 ed
1119 2813 1145 2877 Ι,
1156 2813 1187 2881 3,
1201 2833 1225 2885 7.

179 2885 330 2953 secretins,
340 2886 431 2937 Visere
442 2903 449 2935 t
462 2885 523 2935 stin
538 2881 602 2936 lecto
614 2887 682 2954 Cpr·
724 2911 760 2924 -·
774 2884 834 2934 Fuit
852 2899 999 2954 agnoscunt
1015 2888 1106 2957 scripti
1120 2909 1228 2959 omnes,

180 2964 236 3018 etta
250 2963 380 3035 solufuit.
395 2961 528 3031 Obstupui
544 2981 550 3011 :
569 2959 682 3012 nonillu
726 2983 775 3034 pro
797 2981 850 3032 quo
866 2964 935 3038 fluit
958 2963 1139 3022 Bronlrhnsius
1163 2973 1228 3024 Bur-

180 3043 245 3096 milri
256 3043 399 3095 formosior
410 3057 536 3111 umquem
547 3041 625 3103 Vise,
635 3059 682 3091 ne·
726 3059 893 3111 munnusqne
910 3061 1057 3113 perperam.
1076 3049 1228 3122 Numquam

182 3143 234 3197 que
247 3125 348 3176 ostrina
367 3139 449 3195 quum
465 3121 523 3172 fluit
540 3121 566 3170 in
583 3121 681 3171 tunice.
727 3121 910 3171 formosiorem
929 3121 978 3172 sibi
994 3125 1075 3174 visam
1090 3127 1227 3198 Cynthium

179 3203 239 3258 ttae
254 3215 280 3255 et
294 3202 354 3254 ltine
370 3214 446 3253 cestu
460 3213 595 3252 uerrstom
610 3217 683 3251 som·
727 3199 877 3268 Propertius
896 3197 981 3263 dicit,
1004 3218 1038 3252 ue
1058 3202 1101 3256 ills
1123 3208 1228 3277 quidem

181 3286 226 3336 niu
244 3287 346 3348 Veste,
367 3281 427 3334 Neu
447 3281 512 3341 sibi,
535 3298 601 3332 neve
620 3279 684 3330 milii
728 3275 787 3340 die,
802 3294 882 3348 quum
897 3278 925 3328 iu
937 3291 1009 3330 veste
1019 3299 1150 3354 purpurea
1166 3305 1231 3339 con-

183 3357 683 3438 quenocitursforeut.Talisvissmihi
728 3355 826 3408 nultum
856 3357 901 3408 ivit
933 3355 965 3410 tle
992 3364 1095 3413 somnio
1126 3363 1231 3420 Vestem

181 3442 389 3498 somnodemissa
403 3441 506 3494 recenti.
524 3441 581 3492 Heu
598 3458 684 3510 queue
728 3436 813 3488 (lenm.
832 3439 982 3491 -Somno
999 3439 1102 3494 dimisso
1126 3449 1229 3500 recenti,

184 3533 240 3572 tum
256 3539 305 3592 per
323 3540 351 3573 se
366 3519 479 3574 candidu
498 3520 582 3570 formu
599 3518 682 3570 valeti
728 3517 839 3570 Dimissa
849 3536 899 3588 pro
912 3517 1018 3571 demisso
1032 3519 1143 3574 Codices
1159 3527 1231 3596 opud

184 3599 246 3666 Quo
256 3611 285 3652 tu
298 3601 455 3668 matutinus,
469 3601 520 3665 uit,
533 3597 685 3671 speculator
729 3596 967 3648 Bnrmnnuomdno
976 3599 1125 3651 rectissime.
1133 3603 1232 3657 Utrius-

185 3679 313 3730 amicat·
330 3677 400 3730 Nihil
414 3679 471 3748 ltin,
484 3691 512 3730 ut
528 3677 617 3742 vities,
631 3695 684 3729 non
730 3693 780 3746 que
797 3675 871 3726 verbi
885 3677 1068 3728 confusionem
1083 3683 1232 3736 notavimus

185 3755 343 3824 confusum,
366 3755 429 3808 nihil
450 3775 506 3809 nou
521 3759 640 3827 ineptum
659 3768 686 3808 et
729 3751 795 3821 eleg.
810 3753 856 3818 28,
876 3753 919 3822 ⁵9·
937 3783 966 3793 -
984 3755 1007 3806 0
1022 3765 1164 3827 quantum,
1181 3775 1230 3813 ete.

186 3833 347 3898 ebsurdum3
365 3837 392 3887 in
407 3835 518 3906 quibos,
533 3849 626 3907 preter
639 3853 686 3886 cre-
730 3829 824 3882 Alieno
845 3849 924 3882 sensu
941 3833 1055 3902 positum
1076 3838 1233 3904 perticulam

185 3927 258 3980 tere,
275 3912 374 3965 cubare
389 3912 466 3966 simul
483 3925 510 3964 et
524 3912 562 3965 ire
575 3911 687 3983 Cynthio
730 3910 790 3962 tteu
814 3907 975 3964 Schraderos
995 3912 1051 3981 jem
1069 3927 1130 3968 ante
1148 3919 1234 3973 Lsolt.

186 4005 320 4058 narretur,
332 4009 391 4064 quse
405 3988 485 4062 puolo
499 4002 561 4061 post
573 3989 687 4041 dormire
732 4006 858 4041 rosunum
868 3989 895 4042 io
912 3987 1099 4044 Omutuudsm
1109 4013 1166 4050 esse
1177 4017 1234 4052 mo-

186 4071 288 4143 psriter
301 4081 327 4124 et
342 4067 425 4141 loqui.
441 4067 616 4122 Distiuotioue
630 4085 688 4122 mu·
733 4081 835 4124 onerat.
850 4095 885 4110 ·-
899 4069 954 4139 Quo
970 4081 1013 4136 tu,
1032 4083 1081 4125 etc.
1103 4093 1235 4150 ecquam,

1011 4185 1049 4251 ¹9
