3122 4756
621 335 806 440 ELEGlh·
821 338 890 403 ΙΙΙ,
1057 381 1060 386 ι
1217 343 1273 408 ιόι

284 458 398 528 Gloria
412 461 570 528 Romanis
586 483 655 528 nna
668 477 754 530 estu
767 477 846 529 nata
858 461 998 554 puellis:

330 576 481 639 Romana
494 570 676 640 adcumhes
690 575 799 666 prima
812 569 925 664 puella
939 575 1023 640 lovi.
1246 592 1281 644 30

285 685 353 750 Nee
365 705 498 773 semper
512 681 687 776 nobiscum
700 682 847 750 humane
858 681 981 751 onhilie
993 685 1096 753 vises:

329 797 409 861 Post
422 793 585 862 Helenam
599 794 670 862 haec
679 798 775 862 terris
788 794 894 862 forme
907 794 1053 862 secunda
1066 793 1162 862 redit.
1242 861 1244 868 .

285 905 356 970 Hac
370 925 432 994 ego
442 925 534 970 nunc
544 905 648 970 mirer
661 905 690 971 si
701 900 820 992 flagret
830 917 945 969 nostra
956 899 1138 993 juventus?
1201 879 1206 896 ⁸

330 1009 505 1079 Pulchrius
517 1011 580 1080 hae
592 1013 716 1095 luerat,
729 1010 847 1105 Troja,
862 1015 971 1103 perire
983 1011 1054 1078 n'hi.

286 1121 376 1190 Olim
386 1120 654 1216 mirabar,quod
666 1126 748 1190 tanti
761 1121 804 1190 ad
820 1127 981 1214 Pergama
995 1119 1074 1190 belli
1250 1139 1284 1191 35

332 1237 473 1325 Europae
489 1251 590 1328 atque
600 1235 683 1300 hsiae
693 1255 796 1301 censa
806 1229 920 1326 puella
934 1235 1016 1300 fuit:
1056 1319 1058 1324 Ι

285 1345 398 1424 Nunc,
411 1345 503 1425 Peri,
517 1359 554 1410 tu
565 1344 713 1432 sapiens,
729 1355 831 1422 etta,
847 1341 1017 1423 Menelae,
1034 1343 1141 1425 fuisti3

330 1453 403 1532 Tu,
418 1452 497 1543 quie
508 1451 668 1542 posoelses
679 1501 687 1532 ‚
700 1465 738 1514 tu
750 1501 758 1531 ,
771 1451 850 1542 quie
862 1447 974 1518 lentus
986 1473 1071 1518 eres.

288 1561 393 1650 Digne
405 1557 542 1652 quidem
553 1559 672 1638 facies,
685 1581 747 1650 pro
760 1581 827 1651 qua
839 1555 891 1624 vel
902 1555 1010 1626 obiret
1023 1555 1166 1626 Achilles
1178 1585 1186 1642 3

256 1733 268 1756 ,
331 1670 392 1738 Vel
403 1674 536 1740 Priamo
550 1671 629 1740 belli
642 1693 742 1740 ceusu
753 1668 927 1761 probanda
939 1669 1012 1736 fuit.
1253 1683 1288 1748 40

287 1783 319 1849 Si
332 1784 406 1876 quis
419 1781 492 1851 vult
504 1782 595 1849 semu
609 1779 738 1848 tabulas
753 1781 879 1848 anteire
892 1793 1060 1859 vetustus,

277 1963 319 2016 29.
335 1944 426 1998 Gloria
437 1947 576 2012 Romanis,
589 1961 638 2000 etc.
654 1947 683 1998 ln
699 1946 740 1998 his
783 1943 940 2016 repetebam
961 1953 1004 2009 tu,
1025 1943 1103 2008 Peri,
1121 1943 1183 2014 quia
1204 1939 1288 1996 lentus

243 2026 331 2079 omniu
342 2029 469 2093 confuse,
480 2027 568 2079 dirius
576 2041 603 2080 et
611 2027 740 2094 humana,
784 2043 855 2090 nus,
869 2025 1005 2076 restitutor
1014 2021 1099 2073 lentus
1108 2059 1116 2087 ,
1126 2019 1226 2072 turdus.

241 2103 424 2158 Lachmaunns
435 2106 613 2178 reprehendit,
621 2121 741 2178 transpo-
821 2099 865 2168 lo.
880 2101 931 2155 Vel
944 2103 1051 2153 Priamo
1064 2098 1127 2151 belli
1139 2119 1214 2153 causo
1223 2119 1288 2173 pro·

243 2187 296 2238 sitis
315 2183 422 2236 duobus
439 2184 598 2238 hexametris
623 2185 741 2236 ordinem
786 2181 872 2234 hunde
884 2180 954 2251 suit,
971 2180 1014 2232 sie
1034 2181 1060 2230 in
1080 2192 1195 2232 extremo
1211 2197 1288 2232 versu

241 2265 398 2326 restituentis
414 2267 490 2318 -rrec
500 2283 599 2336 semper
610 2265 741 2318 nobiscum
786 2259 857 2312 MSS.
868 2259 997 2330 plerique,
999 2259 1059 2329 suit
1066 2276 1198 2330 ,·quorum
1209 2259 1231 2310 si
1239 2279 1289 2312 nos
1395 2291 1398 2296 ι

242 2341 356 2394 tum
368 2342 465 2394 ruhilia
477 2345 554 2397 vises:
566 2347 684 2396 Romana
696 2343 741 2396 nd·
785 2338 858 2400 ducit
872 2339 1031 2402 auctoritas,
1045 2336 1151 2406 dignam
1162 2335 1288 2388 Helenam

241 2421 349 2474 cumbes
363 2423 446 2493 prima
464 2421 551 2494 puella
565 2423 631 2474 lovi.
650 2420 741 2474 Gloria
785 2415 935 2492 Propertius
945 2413 1078 2481 narrabit,
1091 2432 1147 2485 quae
1157 2427 1184 2466 et
1193 2413 1289 2466 Achilli

241 2501 363 2554 amanis
383 2519 435 2552 unu
457 2521 482 2554 es
500 2515 528 2554 tu
547 2513 611 2554 nuta
627 2500 740 2572 puellis.-
787 2496 877 2546 mortis
885 2485 902 2558 ,’
916 2505 942 2544 et
961 2493 1064 2545 Priamo
1081 2491 1146 2544 helli
1165 2495 1290 2544 exstiterit

242 2578 302 2631 Post
313 2577 593 2642 Helennmhnoterris
605 2581 689 2631 forma
699 2596 741 2632 se·
786 2591 874 2630 canes.
885 2571 937 2624 Sed
947 2570 1158 2642 alludscriptura
1167 2573 1289 2624 sueGro-
1347 2621 1355 2626 .

241 2655 327 2708 eunde
338 2655 415 2708 redit.
424 2679 436 2703 s
448 2656 553 2708 Falsum
561 2670 615 2722 est,
631 2655 705 2729 quod
713 2657 742 2708 iu
786 2655 918 2724 ningsnue
930 2652 1115 2717 liherindioet,
1126 2669 1242 2722 quonum
1252 2655 1291 2706 fn·

242 2732 324 2787 altero
348 2735 450 2786 minore
476 2753 553 2788 versu
577 2736 742 2787 Burmannus
786 2751 847 2785 cere
869 2743 980 2786 testatur
1002 2733 1124 2784 Heinsius
1150 2733 1289 2784 Mentelia·

241 2811 339 2879 habet,
350 2814 469 2867 Romano
478 2814 615 2868 adeumlres
625 2817 686 2866 Jovi
697 2811 743 2883 (ut
788 2830 853 2864 nurn
864 2834 871 2863 ι
886 2812 991 2880 «Digne
1008 2809 1114 2882 quidem
1129 2811 1226 2874 lanies,
1239 2831 1288 2882 pro

241 2891 282 2944 rel
305 2891 379 2952 dirue
406 2895 462 2964 ipse
482 2895 588 2963 Jupiter
610 2893 742 2946 Romano-
788 2888 1288 2961 quavelobiretthilles3VelPrinmo

241 2989 299 3024 rntn
321 2983 433 3036 eustos,
457 2970 498 3022 vel
521 2969 587 3024 deus
610 2973 742 3040 Augustus
786 2968 848 3022 belli
865 2987 946 3022 censa
962 2968 1100 3040 probanda
1109 2969 1189 3040 forst.
1201 2992 1213 3016 ι
1229 2969 1289 3022 Pul·

241 3050 327 3102 fsetns
347 3048 527 3119 intelligatuu
550 3048 631 3118 hujus
656 3063 742 3100 autem
787 3046 878 3099 chrias
891 3049 976 3117 'Il'ojre
990 3048 1088 3113 luisse,
1103 3049 1289 3118 sicontiflisset

241 3141 287 3182 snt
295 3127 364 3180 illius
372 3128 458 3182 umori
467 3124 581 3180 destinet
590 3129 743 3198 Propertius
788 3129 910 3198 accipere
923 3127 1059 3199 aCynthia
1072 3126 1200 3182 excidium
1210 3128 1288 3197 (noll.

242 3206 405 3280 Cynthium).
424 3205 521 3277 Scripti
543 3204 673 3277 plerique,
694 3207 744 3256 lio·
786 3224 824 3258 vs.
843 3205 911 3275 34),
928 3204 1007 3276 digne
1025 3225 1056 3258 es
1072 3225 1150 3271 sene,
1171 3224 1289 3278 proque

241 3303 323 3338 masta
333 3285 493 3338 accumbens.
512 3287 561 3336 Pro
576 3301 635 3337 vera
651 3283 743 3336 lectio·
786 3284 828 3336 vel
840 3282 955 3338 Achilles
970 3299 1117 3338 moreretur
1132 3303 1163 3337 ne
1179 3286 1289 3338 bellaret

242 3385 275 3419 ne
286 3371 343 3438 ipse
355 3366 519 3418 Burmannus
532 3363 566 3418 ed
578 3364 646 3418 huno
658 3366 742 3434 ipsum
787 3365 913 3416 Priamus.
932 3366 1063 3417 Posterius
1077 3363 1129 3416 hoo
1142 3363 1289 3416 [lachman—

242 3444 367 3516 slegiam,
378 3463 416 3496 vs.
433 3444 466 3513 57
482 3443 576 3514 (nobis
588 3462 620 3510 a,
635 3444 744 3514 5)‚1t0-
786 3443 979 3514 nus'praetulit,
991 3463 1040 3495 nee
1048 3463 1157 3514 possum
1169 3462 1219 3515 ego
1233 3463 1289 3498 non

241 3543 322 3578 maus
334 3524 467 3576 adcumbo
477 3524 563 3595 prima
572 3523 634 3576 Jooi
645 3535 741 3576 tuetur.
788 3522 928 3587 adsentiri,
942 3534 1086 3595 utcumque
1094 3523 1192 3574 veritus
1200 3537 1288 3574 muta·

242 3602 400 3656 Adeumlere
413 3603 475 3656 lovi
484 3615 522 3655 est
539 3603 575 3654 ad
590 3601 658 3654 lano
672 3602 745 3656 Joois
789 3605 888 3655 tionem
903 3603 999 3654 inferre
1014 3624 1021 3653 z
1041 3614 1111 3653 certe
1125 3603 1231 3652 suavius
1249 3614 1289 3654 est

242 3683 342 3746 ndns,
366 3695 396 3732 ut
417 3681 581 3736 discubitort'a
602 3693 663 3732 sunt
688 3699 743 3752 quoe
787 3682 967 3753 (Lachmanui
985 3681 1069 3736 verbis
1084 3679 1176 3748 utor),
1191 3683 1212 3732 si
1230 3683 1288 3751 ipss

244 3759 309 3812 dicit
320 3761 426 3814 cubilia.
788 3759 915 3834 Cynthia,
929 3773 1062 3831 tamquam
1078 3758 1159 3810 altera
1172 3757 1288 3824 Helena,

280 3840 323 3908 34.
335 3843 441 3907 Fuerat,
453 3843 553 3896 firisset.
566 3839 633 3894 Vide
644 3853 699 3894 not.
710 3839 743 3892 ad
789 3859 867 3913 quem
880 3841 984 3910 siprior
992 3837 1053 3902 ills,
1066 3834 1188 3888 leudibus
1198 3854 1213 3888 a
1223 3839 1288 3888 Pru-

245 3921 272 3986 1,
287 3937 335 3984 ιο,
346 3939 370 3973 2.
789 3923 876 3992 pertin
886 3918 1039 3980 extolletur3
1049 3915 1123 3989 qnod
1131 3927 1158 3968 et
1166 3917 1193 3968 ln
1205 3917 1289 3990 proxi-

281 3999 324 4055 38.
337 4001 392 4069 Tu,
404 4001 532 4068 hleuslre,
541 4000 605 4070 quia
614 4000 745 4069 possedes,
791 4001 840 4052 mis
850 3999 879 4050 lit
891 4020 898 4050 ε
910 3997 957 4050 «si
968 3998 1027 4070 quis
1037 3995 1092 4048 vult
1104 3995 1182 4048 lsmn.
1191 4035 1197 4046 .
1206 4035 1226 4048 ..
1240 3996 1289 4046 llio
