3128 4766
495 355 584 418 PER
602 353 757 420 ANNOS
780 353 993 419 DlGESTA.
1247 379 1267 442 9

228 479 409 543 Clitumnus.
420 477 559 540 Tandem
573 479 705 540 Perusiae
719 477 859 561 obposita
872 493 917 540 est
930 479 990 555 ita,
1003 491 1039 539 ut
1052 499 1107 561 per
1122 499 1269 561 campum

225 577 461 640 bleranatemet
474 575 669 636 Clitumnum
688 575 949 658 progrediendum
965 578 1003 636 sit
1022 575 1062 636 ad
1083 575 1194 636 urbem
1214 597 1270 658 pa-

225 676 317 738 triam
334 675 594 759 Propertii‚-quoe
617 677 761 758 consurqit
785 674 1070 752 uerticescandentis
1094 677 1186 750 orcis,
1207 675 1270 736 sire

225 775 329 834 nunus
339 769 483 854 pmlua'm
493 793 523 832 se
536 791 604 831 cum
614 769 684 831 urbe
701 769 871 832 adtollentis.
887 771 971 832 Adde
989 770 1074 854 quod
1095 771 1270 853 Hispellum

224 867 325 929 solum
335 871 396 930 noti
408 870 531 930 Penates
542 868 647 928 vocari
661 881 791 950 possunt
805 867 844 928 ab
857 869 1056 951 Horoscopo‚
1069 870 1185 951 partim
1198 889 1269 950 pro-

224 976 291 1047 pter
306 964 460 1026 coloniam
474 966 643 1026 Romanam
656 985 673 1024 a
688 964 748 1024 Jul.
766 964 884 1026 Caesare
900 986 938 1026 eo
957 965 1140 1041 deductam,
1156 966 1269 1049 partim

224 1077 349 1148 propter
371 1061 519 1124 balneum
543 1061 588 1124 ibi
604 1061 949 1145 frequentatissimum
964 1049 1038 1126 limo
1056 1064 1165 1126 omnia
1181 1064 1268 1125 Don-

224 1160 299 1223 nola
317 1160 415 1222 fusius
432 1163 570 1244 exposita
587 1163 836 1222 testimoniorum
860 1160 1093 1222 auctoritatibus
1116 1161 1269 1236 munivit,

224 1256 290 1317 aliis
315 1257 407 1320 etiam
434 1255 556 1319 levioris
578 1258 726 1318 momenti
751 1257 941 1339 argumentis
968 1255 1092 1338 adjectis
1115 1255 1268 1338 plurimis.
1376 1271 1382 1286 ·

224 1355 374 1418 Caeterum
392 1356 567 1440 sepulcrum
584 1356 755 1438 Propertii,
778 1357 942 1417 recentiore
960 1368 1047 1416 atate
1069 1353 1199 1436 Hispelli
1218 1353 1269 1415 de·

225 1467 338 1515 tecmm
354 1453 432 1534 (vid.
449 1451 532 1515 infra
542 1473 611 1536 pag.
624 1453 699 1534 30),
713 1472 780 1513 non
793 1450 860 1513 l'eve
874 1453 999 1536 pondus
1013 1451 1100 1513 addit
1112 1450 1269 1513 Donnoloe

225 1552 400 1624 sententiae,
417 1564 453 1612 nt
470 1550 547 1612 adeo
565 1551 763 1632 Propertium
782 1551 990 1632 inposterum
1006 1547 1196 1631 Hispellutem
1213 1547 1268 1610 ba·

225 1645 362 1708 bendum
379 1647 432 1707 vix
453 1646 591 1708 dubitari
615 1667 703 1730 posse
722 1646 872 1708 videatur.
895 1647 973 1708 Satis
994 1647 1117 1708 interim
1140 1644 1270 1706 ridicule

225 1755 330 1805 auctor
347 1745 478 1807 Memor.
494 1743 624 1804 Trirolt.
638 1741 708 1804 loco
728 1741 811 1803 infra
828 1742 1009 1804 laudando:
1031 1741 1269 1804 ul‘accorderais

227 1862 319 1902 asans
335 1840 497 1922 beaucoup
514 1841 552 1901 de
565 1841 654 1923 peine
668 1843 686 1900 a
703 1839 847 1900 Thaddde
863 1823 1015 1901 'Donnola
1037 1839 1111 1922 qu’il
1135 1839 1209 1900 erait
1229 1838 1269 1900 de

228 1939 370 2022 «spello,
397 1939 502 2020 quand
522 1938 545 1999 il
567 1960 599 1999 se
619 1939 710 2000 serait
734 1936 869 2022 tipargue'
895 1939 933 1999 dc
955 1937 1123 2021 prodiguer
1147 1950 1215 1998 tant
1230 1937 1268 1998 de

229 2035 390 2097 udoctrine
408 2057 463 2097 sur
475 2057 519 2098 un
532 2033 611 2117 sujet
620 2035 662 2097 tel
673 2057 734 2118 que
746 2035 906 2097 celui-lb.»
922 2037 967 2096 Ne
979 2037 1076 2119 igitur
1088 2048 1120 2095 et
1131 2055 1189 2094 nos
1205 2036 1269 2094 cui·

227 2133 308 2214 piam
330 2131 504 2215 prolixitate
527 2131 624 2192 nimia
645 2133 680 2191 in
702 2128 760 2192 hac
780 2153 812 2191 re
835 2135 1028 2193 occasionem
1047 2131 1155 2192 demus
1174 2127 1267 2191 fidem

228 2228 378 2291 Donnolre
392 2229 547 2305 elevandi,
560 2227 691 2308 yerbum
702 2249 770 2288 non
786 2227 918 2311 amplius
932 2227 1088 2287 addemus.

541 2427 572 2477 A.
587 2427 620 2478 U.
634 2426 665 2478 G.
680 2439 727 2496 711
740 2445 747 2485 ;
762 2426 892 2498 Propertii
908 2441 948 2480 to.

534 2508 563 2559 G.
576 2503 669 2559 Vibius
681 2507 783 2570 Pansa3
796 2509 827 2559 A.
840 2506 946 2558 Hirtius.

262 2691 381 2754 Rellnm
400 2692 586 2754 Mutinense.
608 2694 737 2756 Ovidius
756 2707 858 2757 natus.
873 2695 960 2756 Circa
975 2693 1033 2756 boc
1053 2707 1194 2778 tempus,
1217 2696 1265 2758 vel

224 2801 301 2850 certe
315 2809 381 2850 non
396 2790 440 2849 ita
453 2789 553 2851 multo
567 2802 656 2873 post,
673 2791 800 2852 fortasse
813 2812 898 2853 anno
914 2804 1075 2874 sequente,
1090 2806 1176 2876 pater
1187 2794 1266 2853 Pro-

224 2887 312 2969 pertii
326 2899 467 2948 mortuus
480 2887 521 2947 sit
531 2907 650 2948 necesse
667 2901 720 2948 est.
740 2888 885 2970 vulgaris
897 2901 970 2970 post
983 2889 1017 2948 P.
1029 2890 1186 2949 Crinitum
1197 2901 1266 2950 sert·
1355 2935 1358 2946 .

222 2985 333 3060 tentia,
346 3005 439 3066 qnam
449 2997 479 3045 et
486 2985 673 3046 Maittairins
684 2997 715 3045 et
726 2987 865 3063 Crusius,
874 2984 983 3067 Angli,
993 2998 1178 3067 sequuntur,
1192 2987 1265 3062 lert,

221 3101 311 3157 eum,
328 3081 536 3142 L.Antonlum
552 3095 735 3163 sequutum,
752 3084 785 3143 in
799 3083 945 3144 Perusina
959 3083 1045 3144 clade
1058 3084 1225 3159 interiisse,
1236 3097 1266 3145 et

222 3177 258 3240 ad
271 3195 359 3240 aram
377 3179 441 3239 diri
455 3179 532 3240 Julii
548 3201 620 3240 cum
638 3179 707 3240 aliis
726 3181 879 3261 equitibus
893 3203 929 3242 ac
946 3182 1139 3244 senatoribus
1152 3183 1264 3242 immo·

221 3276 321 3338 latum
334 3275 437 3338 fnisse.
453 3277 620 3338 Enimvero
635 3275 826 3340 hauddubie
843 3276 913 3340 falsi
926 3295 1014 3355 sunt,
1032 3277 1112 3341 banc
1133 3277 1265 3363 amplexi

222 3375 412 3457 opinionem.
427 3375 568 3456 Namque
580 3373 662 3435 libro
675 3377 735 3452 lv,
759 3397 788 3453 r,
814 3377 884 3453 130,
904 3380 1014 3458 pertica
1028 3381 1126 3454 tristis,
1146 3397 1214 3459 quae
1230 3379 1262 3436 in

221 3473 254 3532 A.
268 3472 306 3532 U.
323 3469 381 3552 7¹3
400 3470 524 3547 incidit,
538 3469 737 3552 subjungitur
752 3473 845 3532 morti
860 3475 956 3556 patris
974 3475 1145 3557 Propertii,
1164 3494 1262 3555 quum

221 3569 368 3630 Perusina
380 3566 496 3629 deditio
511 3569 544 3627 in
556 3571 589 3628 A.
602 3569 640 3629 U.
659 3583 834 3653 sequentem
851 3569 910 3654 7¹4
924 3571 1050 3632 demum
1064 3572 1189 3633 incidat.
1204 3573 1263 3633 Ne·

221 3685 280 3746 que
296 3679 385 3749 poeta
401 3663 468 3728 baec
485 3679 626 3750 tempora
648 3669 783 3750 Augusto
806 3671 839 3730 iu
863 3673 1046 3731 memoriam
1066 3685 1262 3732 revocaturus

222 3761 310 3823 irrisae
330 3760 462 3823 videtur.
481 3760 603 3824 Phrasis
624 3785 749 3846 quoque
766 3786 831 3826 ossa
857 3763 946 3850 leque
969 3767 1083 3828 indicat
1104 3765 1187 3828 baud
1206 3767 1261 3827 ob·

248 3956 280 4014 ‘t.
291 3963 358 4018 Vide
370 3985 419 4018 uos
433 3967 466 4019 ad
479 3969 604 4040 Propertii
616 3967 703 4020 locum
716 3969 774 4040 (tv,
789 3987 798 4021 1
811 4007 819 4034 ,
837 3987 865 4023 ra
874 3969 909 4040 r).
922 3971 967 4022 Eo.
