3116 4756
480 353 741 421 PROPERTII
766 353 855 418 LlB.
883 355 932 418 11.
1166 355 1232 420 235

275 487 432 576 Fanaque
444 483 589 573 peccatis
600 480 748 575 plurima
760 503 862 548 eausa
874 484 962 550 tuis:
1203 510 1234 546 ιο

229 589 300 659 Illic
313 588 454 658 adsidue
465 607 579 658 tauros
592 591 759 684 spectabis
770 607 922 672 arantes,

274 707 317 770 Et
328 705 431 772 vitem
441 701 540 772 docta
552 727 680 796 ponere
691 703 778 772 felce
792 725 923 787 comas;

226 818 336 909 Atque
347 813 393 882 ibi
404 837 482 882 rara
493 814 581 883 feres
593 815 720 883 inculto
733 831 811 882 tura
825 813 963 899 tacebo,

274 923 400 993 Haedus
412 923 470 993 ubi
482 941 631 1016 agrestes
646 941 781 993 corruet
791 939 869 993 ante
882 925 992 1008 foe0s;

229 1035 384 1102 Protinus
398 1049 432 1101 et
445 1033 538 1100 nuda
552 1034 692 1102 choreas
704 1033 878 1101 imitabere
890 1057 985 1117 sura,
1203 1049 1234 1100 ι5

273 1147 394 1213 Omnia
406 1144 450 1212 ab
464 1161 603 1212 externo
617 1147 686 1212 sint
696 1145 799 1213 modo
810 1161 883 1212 tute
894 1149 976 1214 viro.

225 1259 303 1348 Ipse
314 1281 377 1350 ego
389 1253 548 1324 venabor.
564 1261 640 1325 Jam
652 1281 745 1325 nunc
756 1281 811 1324 me
824 1281 917 1326 secra
932 1261 1047 1325 Dianae

271 1371 461 1460 Suscipere,
474 1385 507 1436 et
518 1369 642 1436 Veneri
654 1393 780 1464 ponere
793 1386 868 1436 vota
876 1367 984 1462 juvat.

227 1480 389 1570 Incipiam
402 1495 537 1570 captare
549 1478 652 1562 ferus,
666 1495 700 1546 et
713 1478 854 1548 reddere
868 1483 951 1574 pinu

271 1593 468 1668 Cornue‚et
478 1589 623 1658 audaces
636 1592 708 1682 ipse
719 1615 859 1658 mouere
871 1613 992 1674 canes;
1198 1615 1233 1652 ιο

225 1703 300 1766 Νοιι
312 1717 423 1768 tamen
438 1718 477 1768 ut
488 1720 599 1768 vastos
611 1703 721 1768 ausim
734 1717 863 1771 tentare
877 1701 1012 1784 leones,

178 1901 312 1974 eleganter
319 1905 390 1956 canit
400 1903 520 1970 Ovidius,
529 1905 586 1956 brt.
594 1905 680 1958 Amet.
726 1919 817 1978 specta
833 1907 907 1972 fecit,
929 1917 954 1958 et
968 1905 1071 1956 reddere
1086 1902 1155 1974 pinu
1172 1903 1233 1955 Gor·

178 1985 206 2049 1,
226 1985 280 2052 89:
301 1985 376 2036 «Sed
395 1999 424 2037 tu
443 1988 575 2058 precipue
594 1988 683 2040 curris
727 2005 789 2036 nua.
816 1986 894 2038 Certe
918 2003 973 2037 non
997 1985 1061 2036 eatis
1087 1995 1150 2054 epto
1172 1981 1233 2034 ioco

176 2065 538 2121 reneretbeatrisrflteeioca
548 2082 609 2120 sunt
617 2081 681 2121 roto
726 2067 795 2117 inter
818 2068 874 2137 ipsa
893 2064 1007 2118 venandi
1033 2063 1121 2115 officis
1140 2071 1232 2114 votum

178 2142 305 2196 fertiliore
313 2149 682 2217 tuo...Speettttumreniunt‚
727 2143 777 2196 diis
795 2147 922 2198 veneticis
941 2143 1096 2198 solvendum
1115 2159 1234 2194 comme·

177 2225 287 2276 veniunt
305 2238 459 2296 spectentur
481 2241 511 2278 ut
529 2229 591 2297 ipsse
608 2247 615 2278 t
635 2226 682 2280 lile
727 2237 854 2276 moretur.
872 2225 911 2274 lta
925 2225 994 2275 enirn
1008 2221 1053 2274 itta
1065 2220 1146 2272 verbe
1166 2221 1233 2273 aeci-

179 2301 254 2356 ioeus
269 2307 681 2379 castidemnepudorisbabet.u
726 2303 825 2374 piende
848 2321 904 2355 esee
924 2303 1035 2355 Ovidius
1057 2301 1153 2366 docet,
1173 2301 1234 2352 Me-

177 2383 306 2436 -Fana
321 2383 360 2435 De
371 2387 450 2438 saeris
460 2385 535 2438 isidis
547 2384 589 2438 rei
604 2389 683 2439 lione
727 2397 789 2435 tarn.
814 2384 881 2448 xit,
906 2383 981 2435 266:
1007 2381 1130 2452 :telique
1151 2380 1234 2434 babet

178 2462 232 2515 dete
250 2465 409 2517 versicnium
429 2469 507 2519 istum
526 2469 683 2539 interpretes
727 2466 824 2530 instar,
838 2467 864 2515 in
880 2463 931 2516 site
948 2464 1013 2530 Qun
1030 2463 1136 2514 fuerant
1147 2463 1234 2534 pinu,

177 2545 254 2596 nituit
266 2558 338 2596 arcte
351 2549 468 2621 capiunt.
485 2549 575 2600 Patere
585 2547 683 2618 temple
728 2543 809 2594 votivi
819 2559 917 2594 cornua
930 2541 1005 2592 cervi·
1018 2564 1029 2588 ¹
1043 2536 1075 2590 Εἰ
1087 2539 1157 2611 pleni
1170 2551 1234 2592 ⁸¹¹⁰!

178 2620 299 2691 quaeiibet
323 2626 466 2675 amantium
486 2625 582 2688 furtis,
600 2628 684 2696 ipsine
728 2639 761 2671 eo
777 2639 850 2672 more
868 2621 1021 2672 Graecorum
1035 2621 1233 2670 Rornanorum·

179 2697 260 2751 italiae
276 2719 362 2753 mores
377 2701 429 2754 boc
444 2723 499 2754 tero
513 2717 651 2757 testantur.
728 2719 780 2772 que
792 2699 860 2752 libri·
875 2701 946 2766 Quin
962 2711 987 2750 0¹
1003 2698 1183 2768 “Memfim
1195 2691 1234 2764 (id

219 2779 258 2830 ¹3.
273 2781 341 2831 flora
360 2793 432 2848 tura,
447 2801 504 2852 quse
520 2801 579 2834 raro
596 2784 682 2836 eacei·
727 2792 783 2844 est,
801 2780 881 2852 pinni
889 2801 898 2840 ‚·
911 2779 970 2832 ride
987 2780 1014 2844 1,
1033 2793 1077 2842 ιι,
1100 2777 1148 2845 te)
1162 2775 1233 2828 bene

178 2856 232 2908 lum
243 2858 337 2924 babet,
351 2873 381 2910 ut
394 2861 544 2928 nepieetutn
561 2863 682 2916 ruricolis
726 2858 841 2926 dictum,
855 2879 889 2911 ne
905 2859 1055 2930 suspendere
1069 2857 1136 2928 pinu
1148 2867 1233 2910 tentet

179 2951 225 2989 ett.
243 2967 280 2978 -
298 2941 425 3012 Dionysia
445 2942 609 2994 Burmannus
628 2961 683 2994 non
728 2957 788 2991 cum
802 2941 917 2992 Heinsio.
929 2939 1017 2990 Veier.
1030 2939 1117 2989 Fiaee.
1134 2939 1161 3003 1,
1179 2937 1232 2992 56ι

178 3017 235 3067 sine
258 3019 313 3069 veri
342 3021 430 3088 specie
458 3019 567 3086 conjicit
594 3018 683 3074 dicere
732 3015 1235 3088 ·1‚decus!etpecorisNepbeiaeiued·

178 3095 343 3165 Propertium
365 3093 440 3147 velie.
461 3095 565 3146 Haccbo
585 3097 683 3150 iestnrn
728 3097 782 3150 lere
792 3099 873 3148 Graio
882 3097 968 3148 Redde
978 3094 1236 3148 tholonbecbmen·

178 3171 229 3224 boe
241 3188 298 3227 eret
314 3175 446 3226 vindemia
458 3175 594 3242 coniecta,
610 3177 682 3248 qnod
726 3195 786 3230 nus.
800 3205 837 3216 -
852 3181 918 3228 Vere
936 3175 1103 3227 obseruatum
1119 3175 1188 3242 boc,
1204 3177 1233 3228 in

179 3269 244 3304 creso
263 3271 345 3325 capro
361 3257 451 3308 rustici
468 3254 626 3327 choreisque
640 3273 682 3310 ee·
726 3257 874 3328 posteriore
887 3253 1001 3307 disticho
1015 3273 1055 3306 res
1067 3257 1161 3324 jungi,
1175 3271 1235 3326 que

178 3327 324 3384 lebrabunt.
336 3361 372 3373 ·-
384 3335 528 3384 Externum
544 3335 629 3386 virum
643 3336 682 3387 di·
727 3351 781 3387 non
797 3349 911 3396 coeunt3
927 3335 973 3385 sed
988 3335 1154 3404 frequentem
1170 3335 1235 3384 Pro-

179 3411 229 3474 cit‚
245 3431 322 3482 quern
334 3411 384 3464 sibi
398 3413 504 3464 rivalem
519 3416 616 3466 timeat.
727 3420 806 3488 pertii
830 3417 1016 3486 negligentium
1036 3415 1235 3484 comperimus,

217 3493 257 3544 18.
271 3493 308 3542 Et
321 3493 417 3544 Veneri
424 3511 521 3564 ponere
532 3497 681 3566 uotejuvut.
729 3509 753 3548 et
765 3497 845 3562 boui,
861 3498 971 3566 opinor,
989 3494 1091 3545 cotrsiiii
1107 3495 1170 3558 erit,
1184 3494 1235 3543 irn-

178 3569 408 3635 'Ambrunraband
416 3572 496 3624 dubie
504 3572 576 3636 dicit,
587 3573 683 3644 quibus
727 3578 875 3646 perfectum
884 3574 972 3626 locum
982 3572 1112 3624 etiembic
1119 3588 1171 3643 pro
1179 3572 1234 3622 sin·

178 3661 239 3700 rote
261 3649 355 3702 solvat.
379 3654 475 3703 Veneri
496 3665 583 3704 eutem
607 3656 683 3723 ponit
727 3655 1143 3720 cerotueri.Certeeonjeeturam
1152 3649 1236 3702 habe·

178 3739 257 3790 rota,
276 3731 322 3796 qui
341 3731 395 3796 jam
417 3749 488 3780 nunc
509 3743 631 3800 paratum
654 3749 683 3782 se
727 3733 814 3784 bimus
828 3734 861 3784 de
876 3731 977 3798 nihilo,
992 3749 1072 3802 quarn
1087 3730 1125 3780 rir
1139 3727 1235 3782 doe'tut

179 3804 252 3856 abire
267 3807 356 3876 fingit,
372 3827 405 3860 nc
417 3807 465 3859 dea
478 3808 580 3862 absenti
593 3828 683 3861 curam
727 3809 865 3880 (ltutnoet)
877 3821 961 3861 tentat
974 3809 1152 3878 reponere.-
1161 3807 1235 3858 Inci-

179 3885 349 3938 commodare
370 3887 480 3939 desinat.
500 3889 550 3941 Sed
564 3889 609 3942 itta
625 3893 684 3962 ipsa
725 3890 808 3960 pium.
822 3887 889 3940 Vide
899 3902 955 3938 not.
969 3886 1002 3938 ed
1018 3885 1083 3955 eleg.
1102 3902 1129 3951 ι,
1145 3885 1187 3937 31.
1198 3913 1236 3928 -
1306 3955 1307 3958 Ἴ

179 3983 241 4032 ret,
268 3985 327 4037 quae
348 3964 392 4018 bie
423 3965 522 4036 vulgari
549 3971 683 4040 scripturae
727 3969 855 4033 Monere,
875 3965 997 4030 hortari,
1017 3965 1127 4016 incitare
1144 3983 1234 4019 cenet.

179 4043 258 4098 iidem
270 4044 358 4113 addit,
371 4063 401 4098 ea
414 4063 471 4118 que
480 4060 627 4117 sequuntur
637 4067 684 4100 su·
765 4065 807 4100 nr.
820 4048 917 4100 leones
933 4065 983 4120 pro
998 4047 1061 4100 ierit
1077 4044 1234 4100 horridiori-
