3116 4756
1063 539 1080 583 :t

520 582 769 682 ELEGIA
797 583 924 680 ΧΠ..

581 801 845 886 vennone.

602 1203 824 1240 oronnrnrnu.
887 1211 890 1218 ·

232 1289 395 1374 Cupidinis
408 1291 513 1352 fictam
526 1292 697 1374 imaginem
709 1293 858 1376 explicet:
874 1312 970 1374 quere
983 1312 1062 1376 puer
1075 1293 1250 1376 pingatur-,ff

192 1388 256 1450 uias
267 1388 434 1470 acceperit,
452 1387 630 1472 pharetram
643 1403 747 1470 gerat,
764 1390 882 1470 sagittis
897 1401 1024 1451 armeta
1042 1390 1104 1450 sint
1117 1409 1239 1451 monus.

192 1486 238 1545 De
253 1485 321 1547 telis
332 1485 456 1569 quidem
466 1485 667 1569 (experientia
679 1507 710 1548 se
727 1485 869 1548 edoctum
886 1487 991 1570 loqui)
1000 1499 1082 1548 recta
1094 1507 1157 1548 esse
1173 1507 1241 1547 om-

191 1585 243 1645 nia
258 1608 266 1644 ε
283 1585 335 1646 sed
348 1587 482 1646 emisisse
497 1584 596 1646 videri
612 1607 744 1669 pervum
762 1585 855 1648 deum
874 1608 1006 1673 pennos,
1021 1608 1113 1668 quem
1127 1585 1250 1647 frustm

191 1695 316 1762 pectore
330 1703 388 1744 suo
405 1695 534 1743 conetur
552 1683 722 1744 evolantem
738 1683 860 1766 pellere.
874 1684 956 1761 Quid
973 1683 1031 1744 tibi
1048 1681 1251 1764 jucundum‚.

193 1797 212 1836 ο
228 1799 319 1860 puer,
331 1781 486 1840 extenuati
504 1781 638 1840 omentis
651 1779 794 1840 habitare
805 1781 945 1841 ossibus?
960 1781 1047 1854 oilios
1058 1778 1165 1862 trajice
1173 1779 1240 1842 telis

191 1878 269 1955 tuis;
282 1899 343 1962 pex
354 1876 435 1940 mihi
447 1876 538 1938 detur
549 1889 580 1938 et
592 1877 674 1952 νῆες
689 1877 747 1938 tibi
758 1891 850 1960 poeta
862 1892 933 1940 tuus
946 1889 1079 1941 moueat

660 2087 771 2106 n*—

240 2163 461 2302 chuuoor
471 2211 528 2281 ille
539 2213 617 2298 fuit,
633 2238 778 2307 puerum
789 2217 848 2310 qui
859 2215 968 2308 pinxit
978 2217 1152 2295 Amorem,

285 2331 404 2394 Nonne
415 2341 515 2419 putus
526 2329 629 2394 miras
642 2319 736 2395 hunc
746 2323 904 2395 habuisse
915 2331 1060 2394 manus?

238 2439 301 2505 Hie
311 2439 460 2529 primum
471 2436 555 2505 vidit
568 2439 640 2506 sine
652 2461 755 2508 sensu
765 2441 877 2506 vivere
888 2451 1056 2521 amantes,

284 2551 327 2614 Et
339 2546 469 2615 levibus
482 2549 571 2616 curis
584 2573 705 2642 magna
716 2551 826 2642 perire
837 2548 938 2618 bona.

240 2654 334 2725 Idem
340 2681 415 2724 non
425 2656 551 2724 frustm
562 2673 716 2726 ventosas
728 2659 856 2728 addidit
866 2659 956 2742 oles,

282 2769 375 2833 Fecit
386 2782 420 2833 et
431 2764 581 2834 humano
594 2767 695 2836 corde
707 2766 819 2836 volare
830 2767 953 2837 deum:

238 2875 861 2974 Scilicetolternnquoniam.jnctomur
871 2883 908 2948 in
920 2876 1031 2961 undo,

285 2993 554 3083 Nostraquenon
566 2987 644 3057 uliis
657 3008 832 3082 permanet
844 2988 1032 3058 nurelocis.

239 3103 282 3166 Et
291 3100 412 3165 merito
422 3097 565 3166 humatis
578 3123 699 3168 monus
711 3117 762 3170 est
772 3117 900 3169 armata
912 3101 1055 3192 sagittis,

285 3211 329 3274 Et
341 3205 500 3299 pharetro
511 3231 552 3276 ex
563 3205 706 3278 humero
719 3213 845 3279 Gnosio
856 3205 1115 3304 utroquejnoet:
1209 3235 1241 3270 ιο

231 3390 255 3423 2.
269 3373 353 3424 Mirus
365 3391 472 3434 manus,
493 3376 557 3429 mire
573 3375 694 3428 artifices.
739 3375 813 3444 buit,
827 3393 943 3448 quocum
962 3374 1063 3427 voleret
1076 3371 1157 3433 deun
1175 3369 1243 3422 divi-

231 3453 255 3520 4.
270 3453 306 3504 Et
320 3450 418 3506 levibus
428 3455 508 3521 euris,
523 3469 633 3528 propter
646 3475 695 3526 nn·
739 3473 801 3508 nem
831 3454 1030 3525 humanamque
1059 3465 1184 3504 naturum
1215 3450 1241 3497 in

195 3549 256 3602 gut,
271 3533 299 3584 in
312 3533 436 3587 curandis
450 3554 508 3607 quae
526 3555 602 3608 nugae
618 3549 695 3603 sunt,
738 3555 823 3607 puero
848 3535 962 3588 miscuit.
985 3532 1052 3585 Vide
1077 3527 1240 3584 Huschkium

196 3630 292 3684 magno
303 3631 371 3684 sepe
383 3612 520 3667 hominum
530 3616 638 3668 interire
647 3615 697 3668 bo·
739 3614 817 3668 unul.
827 3616 890 3668 Crit.
905 3633 965 3686 pag.
977 3612 1012 3679 40
1024 3629 1081 3683 sqq·

196 3709 238 3742 ne.
250 3695 375 3746 Amantes
386 3694 467 3764 igitur
481 3712 561 3766 quum
576 3709 602 3748 et
616 3713 696 3748 sensu
776 3710 802 3764 7.
818 3692 929 3744 Aitema
951 3691 977 3742 in
998 3689 1088 3749 undo,-
1106 3685 1160 3738 huo
1180 3681 1243 3736 iiiuc

197 3783 324 3838 careant,
351 3785 377 3823 et
404 3774 481 3826 meris
509 3774 615 3844 ineptiis
642 3787 696 3825 tem
741 3789 790 3843 per
803 3770 916 3836 ondam,
935 3768 1060 3821 deorsum
1076 3783 1190 3820 sursum.
1209 3792 1245 3802 -

197 3849 272 3899 enxie
289 3861 403 3914 vocent,
424 3849 474 3902 tub
492 3853 606 3923 imagine
621 3855 698 3923 pueri
741 3851 823 3902 Aura.
836 3848 903 3900 Vide
915 3845 949 3900 od
962 3846 1028 3917 einp.
1045 3845 1077 3912 5,
1089 3844 1114 3911 4.

198 3925 274 3978 docte
284 3942 485 3999 repraesentatus
499 3931 581 3982 Amor
593 3942 641 3984 est.
782 3944 822 3981 ιο.
837 3925 948 3990 Gnosio,
962 3925 1064 3977 Cretico
1076 3944 1081 3974 =
1095 3921 1156 3977 vide
1169 3919 1204 3974 ad
1216 3922 1227 3973 i
1235 3961 1244 3987 ‚

232 4007 258 4057 6.
271 4007 341 4060 Fecit
357 4017 382 4060 et
393 4006 509 4060 hwnano
524 4007 599 4060 corde
612 4007 699 4060 volare
743 4007 778 4073 3,
797 4022 821 4057 n.
833 4003 1019 4056 Exceiluerunt
1030 4004 1058 4054 in
1070 4005 1170 4074 sagittis
1184 4003 1246 4053 mit-

198 4081 289 4150 timur,
307 4083 335 4138 id
351 4099 408 4154 ert,
427 4105 474 4139 cor
489 4085 636 4140 humanum
649 4089 697 4140 tri·
744 4083 829 4139 tendit
851 4083 999 4169 Cretenses.
1021 4111 1057 4123 —
1073 4083 1116 4136 Ex
1136 4093 1245 4155 utroque
