<?xml version="1.0" encoding="UTF-8"?>
<!DOCTYPE html PUBLIC "-//W3C//DTD XHTML 1.0 Transitional//EN"
    "http://www.w3.org/TR/xhtml1/DTD/xhtml1-transitional.dtd">
<html xmlns="http://www.w3.org/1999/xhtml" xml:lang="en" lang="en">
 <head>
  <title>
</title>
<meta http-equiv="Content-Type" content="text/html;charset=utf-8" />
  <meta name='ocr-system' content='tesseract 3.04.00' />
  <meta name='ocr-capabilities' content='ocr_page ocr_carea ocr_par ocr_line ocrx_word'/>
</head>
<body>
  <div class='ocr_page' id='page_1' title='image "./sextiaureliipro00propgoog_0033.png"; bbox 0 0 3128 4766; ppageno 0'>
   <div class='ocr_carea' id='block_1_1' title="bbox 225 335 1273 548">
    <p class='ocr_par' dir='ltr' id='par_1_1' title="bbox 225 335 1273 548">
     <span class='ocr_line' id='line_1_1' title="bbox 496 335 1266 406; baseline 0.01 -8"><span class='ocrx_word' id='word_1_1' title='bbox 496 335 585 401; x_wconf 86' lang='lat' dir='ltr'>PER</span> <span class='ocrx_word' id='word_1_2' title='bbox 608 335 764 400; x_wconf 84' lang='lat' dir='ltr'>ANNOS</span> <span class='ocrx_word' id='word_1_3' title='bbox 788 337 1002 404; x_wconf 83' lang='lat' dir='ltr'><strong>DIGESTA.</strong></span> <span class='ocrx_word' id='word_1_4' title='bbox 1228 365 1266 406; x_wconf 71' lang='grc' dir='ltr'>τι</span> 
     </span>
     <span class='ocr_line' id='line_1_2' title="bbox 225 457 1273 548; baseline 0.01 -30"><span class='ocrx_word' id='word_1_5' title='bbox 225 459 293 520; x_wconf 85' lang='lat' dir='ltr'>bus.</span> <span class='ocrx_word' id='word_1_6' title='bbox 304 459 352 520; x_wconf 89' lang='lat' dir='ltr'>Cf.</span> <span class='ocrx_word' id='word_1_7' title='bbox 365 469 425 520; x_wconf 81' lang='lat' dir='ltr'>ret.</span> <span class='ocrx_word' id='word_1_8' title='bbox 435 457 593 520; x_wconf 88' lang='lat' dir='ltr'>Scholiast.</span> <span class='ocrx_word' id='word_1_9' title='bbox 605 460 644 521; x_wconf 94' lang='lat' dir='ltr'>ad</span> <span class='ocrx_word' id='word_1_10' title='bbox 656 462 764 523; x_wconf 90' lang='lat' dir='ltr'>Horat.</span> <span class='ocrx_word' id='word_1_11' title='bbox 778 464 866 544; x_wconf 81' lang='lat' dir='ltr'><strong>epist.</strong></span> <span class='ocrx_word' id='word_1_12' title='bbox 879 463 912 540; x_wconf 88' lang='lat' dir='ltr'>l,</span> <span class='ocrx_word' id='word_1_13' title='bbox 927 465 962 538; x_wconf 86' lang='lat'>3,</span> <span class='ocrx_word' id='word_1_14' title='bbox 981 484 1005 523; x_wconf 85' lang='grc' dir='ltr'>τ.</span> <span class='ocrx_word' id='word_1_15' title='bbox 1016 464 1121 546; x_wconf 82' lang='lat' dir='ltr'>Neque</span> <span class='ocrx_word' id='word_1_16' title='bbox 1132 475 1176 527; x_wconf 88' lang='lat' dir='ltr'>est</span> <span class='ocrx_word' id='word_1_17' title='bbox 1187 469 1273 548; x_wconf 91' lang='lat' dir='ltr'>qnod</span> 
     </span>
    </p>
   </div>
   <div class='ocr_carea' id='block_1_2' title="bbox 165 557 1324 4040">
    <p class='ocr_par' dir='ltr' id='par_1_2' title="bbox 165 557 1324 4040">
     <span class='ocr_line' id='line_1_3' title="bbox 226 557 1272 642; baseline 0.008 -27"><span class='ocrx_word' id='word_1_18' title='bbox 226 557 296 636; x_wconf 92' lang='lat' dir='ltr'>quis</span> <span class='ocrx_word' id='word_1_19' title='bbox 317 569 418 638; x_wconf 91' lang='lat' dir='ltr'>putet,</span> <span class='ocrx_word' id='word_1_20' title='bbox 439 558 482 616; x_wconf 83' lang='lat' dir='ltr'>ita</span> <span class='ocrx_word' id='word_1_21' title='bbox 494 559 559 616; x_wconf 90' lang='lat' dir='ltr'>vim</span> <span class='ocrx_word' id='word_1_22' title='bbox 572 560 656 618; x_wconf 82' lang='lat' dir='ltr'>vocis</span> <span class='ocrx_word' id='word_1_23' title='bbox 673 562 786 641; x_wconf 83' lang='lat' dir='ltr'>imperii</span> <span class='ocrx_word' id='word_1_24' title='bbox 800 563 910 642; x_wconf 82' lang='lat' dir='ltr'>accepti</span> <span class='ocrx_word' id='word_1_25' title='bbox 925 581 990 620; x_wconf 92' lang='lat' dir='ltr'>non</span> <span class='ocrx_word' id='word_1_26' title='bbox 1010 561 1081 621; x_wconf 88' lang='lat' dir='ltr'>satis</span> <span class='ocrx_word' id='word_1_27' title='bbox 1102 559 1272 624; x_wconf 85' lang='lat' dir='ltr'>exhauriri:</span> 
     </span>
     <span class='ocr_line' id='line_1_4' title="bbox 225 652 1274 740; baseline 0.008 -28"><span class='ocrx_word' id='word_1_28' title='bbox 225 671 301 712; x_wconf 87' lang='lat' dir='ltr'>nam</span> <span class='ocrx_word' id='word_1_29' title='bbox 319 652 421 714; x_wconf 81' lang='lat' dir='ltr'><strong>solent</strong></span> <span class='ocrx_word' id='word_1_30' title='bbox 432 655 543 735; x_wconf 90' lang='lat' dir='ltr'>optimi</span> <span class='ocrx_word' id='word_1_31' title='bbox 553 655 715 737; x_wconf 78' lang='lat' dir='ltr'>scriptores</span> <span class='ocrx_word' id='word_1_32' title='bbox 727 669 758 716; x_wconf 91' lang='lat' dir='ltr'>et</span> <span class='ocrx_word' id='word_1_33' title='bbox 769 657 869 716; x_wconf 83' lang='lat' dir='ltr'>Graeci</span> <span class='ocrx_word' id='word_1_34' title='bbox 887 668 918 716; x_wconf 90' lang='lat' dir='ltr'>et</span> <span class='ocrx_word' id='word_1_35' title='bbox 930 658 1034 716; x_wconf 84' lang='lat' dir='ltr'>Latini</span> <span class='ocrx_word' id='word_1_36' title='bbox 1045 658 1087 718; x_wconf 88' lang='lat' dir='ltr'>it&#39;a</span> <span class='ocrx_word' id='word_1_37' title='bbox 1099 657 1198 740; x_wconf 91' lang='lat' dir='ltr'>loqui.</span> <span class='ocrx_word' id='word_1_38' title='bbox 1210 659 1274 735; x_wconf 89' lang='lat' dir='ltr'>Sic,</span> 
     </span>
     <span class='ocr_line' id='line_1_5' title="bbox 225 749 1275 840; baseline 0.01 -32"><span class='ocrx_word' id='word_1_39' title='bbox 225 762 262 810; x_wconf 92' lang='lat' dir='ltr'>ut</span> <span class='ocrx_word' id='word_1_40' title='bbox 271 751 364 812; x_wconf 87' lang='lat' dir='ltr'>unico</span> <span class='ocrx_word' id='word_1_41' title='bbox 377 750 484 811; x_wconf 86' lang='lat' dir='ltr'>saltem</span> <span class='ocrx_word' id='word_1_42' title='bbox 498 752 532 810; x_wconf 91' lang='lat' dir='ltr'>in</span> <span class='ocrx_word' id='word_1_43' title='bbox 546 749 628 814; x_wconf 86' lang='lat' dir='ltr'>hanc</span> <span class='ocrx_word' id='word_1_44' title='bbox 641 773 705 813; x_wconf 89' lang='lat' dir='ltr'>rem</span> <span class='ocrx_word' id='word_1_45' title='bbox 724 767 794 814; x_wconf 87' lang='lat' dir='ltr'>utar</span> <span class='ocrx_word' id='word_1_46' title='bbox 805 753 960 837; x_wconf 84' lang='lat' dir='ltr'>exemplo,</span> <span class='ocrx_word' id='word_1_47' title='bbox 977 756 1132 818; x_wconf 78' lang='lat' dir='ltr'>Lucienus</span> <span class='ocrx_word' id='word_1_48' title='bbox 1151 758 1185 817; x_wconf 94' lang='lat' dir='ltr'>in</span> <span class='ocrx_word' id='word_1_49' title='bbox 1197 761 1275 840; x_wconf 91' lang='lat' dir='ltr'>Apo·</span> 
     </span>
     <span class='ocr_line' id='line_1_6' title="bbox 165 846 1274 938; baseline 0.01 -33"><span class='ocrx_word' id='word_1_50' title='bbox 165 854 169 862; x_wconf 91' lang='lat'>&#39;</span> <span class='ocrx_word' id='word_1_51' title='bbox 225 846 290 928; x_wconf 94' lang='lat' dir='ltr'>log.</span> <span class='ocrx_word' id='word_1_52' title='bbox 305 867 362 929; x_wconf 93' lang='lat' dir='ltr'>pro</span> <span class='ocrx_word' id='word_1_53' title='bbox 379 847 519 908; x_wconf 86' lang='lat' dir='ltr'>mercede</span> <span class='ocrx_word' id='word_1_54' title='bbox 533 848 717 924; x_wconf 90' lang='lat' dir='ltr'>Conductis,</span> <span class='ocrx_word' id='word_1_55' title='bbox 731 863 804 910; x_wconf 90' lang='lat' dir='ltr'>tom.</span> <span class='ocrx_word' id='word_1_56' title='bbox 824 852 860 926; x_wconf 94' lang='lat' dir='ltr'>l,</span> <span class='ocrx_word' id='word_1_57' title='bbox 881 873 951 934; x_wconf 92' lang='lat' dir='ltr'>pag.</span> <span class='ocrx_word' id='word_1_58' title='bbox 968 871 1041 934; x_wconf 82' lang='lat'>721,</span> <span class='ocrx_word' id='word_1_59' title='bbox 1057 874 1124 935; x_wconf 87' lang='lat' dir='ltr'>cap.</span> <span class='ocrx_word' id='word_1_60' title='bbox 1143 873 1177 914; x_wconf 77' lang='grc' dir='ltr'>ιο</span> <span class='ocrx_word' id='word_1_61' title='bbox 1191 897 1200 930; x_wconf 85' lang='grc'>,</span> <span class='ocrx_word' id='word_1_62' title='bbox 1216 877 1274 938; x_wconf 91' lang='lat' dir='ltr'>pn·</span> 
     </span>
     <span class='ocr_line' id='line_1_7' title="bbox 225 945 1273 1033; baseline 0.009 -28"><span class='ocrx_word' id='word_1_63' title='bbox 225 945 300 1005; x_wconf 90' lang='lat' dir='ltr'>blici</span> <span class='ocrx_word' id='word_1_64' title='bbox 318 947 439 1029; x_wconf 90' lang='lat' dir='ltr'>imperii</span> <span class='ocrx_word' id='word_1_65' title='bbox 454 967 486 1008; x_wconf 90' lang='lat' dir='ltr'>se</span> <span class='ocrx_word' id='word_1_66' title='bbox 508 949 688 1029; x_wconf 75' lang='lat' dir='ltr'>participem</span> <span class='ocrx_word' id='word_1_67' title='bbox 701 949 835 1025; x_wconf 89' lang='lat' dir='ltr'>factum,</span> <span class='ocrx_word' id='word_1_68' title='bbox 850 970 903 1011; x_wconf 87' lang='lat' dir='ltr'>seu</span> <span class='ocrx_word' id='word_1_69' title='bbox 918 951 1040 1033; x_wconf 89' lang='lat' dir='ltr'>publice</span> <span class='ocrx_word' id='word_1_70' title='bbox 1056 953 1089 1012; x_wconf 90' lang='lat' dir='ltr'>io</span> <span class='ocrx_word' id='word_1_71' title='bbox 1104 954 1273 1014; x_wconf 84' lang='lat' dir='ltr'>maximam</span> 
     </span>
     <span class='ocr_line' id='line_1_8' title="bbox 225 1045 1274 1131; baseline 0.005 -27"><span class='ocrx_word' id='word_1_72' title='bbox 225 1055 346 1124; x_wconf 85' lang='lat' dir='ltr'>partem</span> <span class='ocrx_word' id='word_1_73' title='bbox 360 1045 480 1126; x_wconf 90' lang='lat' dir='ltr'>imperii</span> <span class='ocrx_word' id='word_1_74' title='bbox 504 1046 667 1106; x_wconf 82' lang='lat' dir='ltr'>sevenisse</span> <span class='ocrx_word' id='word_1_75' title='bbox 685 1047 814 1126; x_wconf 75' lang='grc' dir='ltr'>(δημοσίᾳ</span> <span class='ocrx_word' id='word_1_76' title='bbox 833 1057 878 1116; x_wconf 77' lang='grc' dir='ltr'>τῆς</span> <span class='ocrx_word' id='word_1_77' title='bbox 897 1053 1018 1127; x_wconf 69' lang='grc' dir='ltr'>μεγίστης</span> <span class='ocrx_word' id='word_1_78' title='bbox 1028 1052 1110 1130; x_wconf 76' lang='grc' dir='ltr'>ἀρχῆς</span> <span class='ocrx_word' id='word_1_79' title='bbox 1125 1052 1274 1131; x_wconf 73' lang='grc' dir='ltr'>κοινωνεῖν)</span> 
     </span>
     <span class='ocr_line' id='line_1_9' title="bbox 226 1139 1274 1228; baseline 0.007 -28"><span class='ocrx_word' id='word_1_80' title='bbox 226 1139 347 1216; x_wconf 83' lang='lat' dir='ltr'><strong>scribit,</strong></span> <span class='ocrx_word' id='word_1_81' title='bbox 367 1161 464 1222; x_wconf 90' lang='lat' dir='ltr'>quum</span> <span class='ocrx_word' id='word_1_82' title='bbox 491 1155 612 1202; x_wconf 90' lang='lat' dir='ltr'>tantum</span> <span class='ocrx_word' id='word_1_83' title='bbox 641 1163 764 1218; x_wconf 88' lang='lat' dir='ltr'>eorum,</span> <span class='ocrx_word' id='word_1_84' title='bbox 792 1163 861 1224; x_wconf 75' lang='lat' dir='ltr'>qun</span> <span class='ocrx_word' id='word_1_85' title='bbox 886 1144 1058 1224; x_wconf 80' lang='lat' dir='ltr'>agebantur</span> <span class='ocrx_word' id='word_1_86' title='bbox 1076 1146 1110 1204; x_wconf 92' lang='lat' dir='ltr'>in</span> <span class='ocrx_word' id='word_1_87' title='bbox 1131 1144 1274 1228; x_wconf 86' lang='lat' dir='ltr'>judiciis,</span> 
     </span>
     <span class='ocr_line' id='line_1_10' title="bbox 226 1237 1275 1323; baseline 0.006 -27"><span class='ocrx_word' id='word_1_88' title='bbox 226 1238 462 1298; x_wconf 71' lang='lat' dir='ltr'>commentarios</span> <span class='ocrx_word' id='word_1_89' title='bbox 473 1237 649 1298; x_wconf 92' lang='lat' dir='ltr'>scribendos</span> <span class='ocrx_word' id='word_1_90' title='bbox 663 1251 798 1313; x_wconf 86' lang='lat' dir='ltr'>curaret,</span> <span class='ocrx_word' id='word_1_91' title='bbox 809 1253 839 1298; x_wconf 91' lang='lat' dir='ltr'>et</span> <span class='ocrx_word' id='word_1_92' title='bbox 852 1238 972 1312; x_wconf 86' lang='lat' dir='ltr'>decreta¹</span> <span class='ocrx_word' id='word_1_93' title='bbox 987 1241 1163 1323; x_wconf 89' lang='lat' dir='ltr'>reponenda</span> <span class='ocrx_word' id='word_1_94' title='bbox 1178 1240 1275 1302; x_wconf 90' lang='lat' dir='ltr'>trade·</span> 
     </span>
     <span class='ocr_line' id='line_1_11' title="bbox 227 1333 1273 1418; baseline 0.004 -24"><span class='ocrx_word' id='word_1_95' title='bbox 227 1347 280 1394; x_wconf 88' lang='lat' dir='ltr'>ret.</span> <span class='ocrx_word' id='word_1_96' title='bbox 308 1335 462 1396; x_wconf 84' lang='lat' dir='ltr'>Memorat</span> <span class='ocrx_word' id='word_1_97' title='bbox 489 1335 586 1416; x_wconf 90' lang='lat' dir='ltr'>elegia</span> <span class='ocrx_word' id='word_1_98' title='bbox 606 1335 626 1394; x_wconf 85' lang='lat'><strong>6</strong></span> <span class='ocrx_word' id='word_1_99' title='bbox 652 1335 794 1418; x_wconf 87' lang='lat' dir='ltr'>inprimis</span> <span class='ocrx_word' id='word_1_100' title='bbox 820 1333 953 1398; x_wconf 80' lang='lat' dir='ltr'>Athenas</span> <span class='ocrx_word' id='word_1_101' title='bbox 976 1350 1007 1397; x_wconf 87' lang='lat' dir='ltr'>et</span> <span class='ocrx_word' id='word_1_102' title='bbox 1030 1338 1143 1398; x_wconf 87' lang='lat' dir='ltr'>Asiam.</span> <span class='ocrx_word' id='word_1_103' title='bbox 1166 1339 1273 1415; x_wconf 89' lang='lat' dir='ltr'>Quum</span> 
     </span>
     <span class='ocr_line' id='line_1_12' title="bbox 223 1431 1273 1516; baseline 0.006 -27"><span class='ocrx_word' id='word_1_104' title='bbox 223 1451 299 1491; x_wconf 75' lang='lat' dir='ltr'>vero</span> <span class='ocrx_word' id='word_1_105' title='bbox 318 1431 414 1513; x_wconf 89' lang='lat' dir='ltr'>elegia</span> <span class='ocrx_word' id='word_1_106' title='bbox 425 1434 538 1515; x_wconf 88' lang='lat' dir='ltr'>scripta</span> <span class='ocrx_word' id='word_1_107' title='bbox 549 1431 727 1492; x_wconf 88' lang='lat' dir='ltr'>essedebeat</span> <span class='ocrx_word' id='word_1_108' title='bbox 741 1433 822 1492; x_wconf 91' lang='lat' dir='ltr'>intra</span> <span class='ocrx_word' id='word_1_109' title='bbox 834 1453 934 1493; x_wconf 88' lang='lat' dir='ltr'>annos</span> <span class='ocrx_word' id='word_1_110' title='bbox 943 1432 975 1508; x_wconf 88' lang='lat'>5,</span> <span class='ocrx_word' id='word_1_111' title='bbox 986 1453 1096 1516; x_wconf 87' lang='lat' dir='ltr'>nempe</span> <span class='ocrx_word' id='word_1_112' title='bbox 1109 1434 1148 1494; x_wconf 88' lang='lat' dir='ltr'>ab</span> <span class='ocrx_word' id='word_1_113' title='bbox 1159 1436 1193 1492; x_wconf 93' lang='lat' dir='ltr'>A.</span> <span class='ocrx_word' id='word_1_114' title='bbox 1204 1456 1241 1515; x_wconf 86' lang='lat'>72</span> <span class='ocrx_word' id='word_1_115' title='bbox 1249 1457 1273 1512; x_wconf 87' lang='lat' dir='ltr'>r,</span> 
     </span>
     <span class='ocr_line' id='line_1_13' title="bbox 227 1527 1274 1612; baseline 0.003 -24"><span class='ocrx_word' id='word_1_116' title='bbox 227 1547 289 1608; x_wconf 90' lang='lat' dir='ltr'>quo</span> <span class='ocrx_word' id='word_1_117' title='bbox 300 1527 408 1589; x_wconf 82' lang='lat' dir='ltr'>Tullus</span> <span class='ocrx_word' id='word_1_118' title='bbox 419 1530 514 1610; x_wconf 90' lang='lat' dir='ltr'>ipsius</span> <span class='ocrx_word' id='word_1_119' title='bbox 526 1541 655 1612; x_wconf 91' lang='lat' dir='ltr'>patruus</span> <span class='ocrx_word' id='word_1_120' title='bbox 671 1527 776 1590; x_wconf 90' lang='lat' dir='ltr'>consul</span> <span class='ocrx_word' id='word_1_121' title='bbox 794 1529 870 1605; x_wconf 88' lang='lat' dir='ltr'>fuit,</span> <span class='ocrx_word' id='word_1_122' title='bbox 892 1544 1041 1612; x_wconf 91' lang='lat' dir='ltr'>computo</span> <span class='ocrx_word' id='word_1_123' title='bbox 1055 1531 1214 1608; x_wconf 88' lang='lat' dir='ltr'>instituto,</span> <span class='ocrx_word' id='word_1_124' title='bbox 1234 1531 1274 1592; x_wconf 92' lang='lat' dir='ltr'>ad</span> 
     </span>
     <span class='ocr_line' id='line_1_14' title="bbox 226 1621 1275 1707; baseline 0.005 -25"><span class='ocrx_word' id='word_1_125' title='bbox 226 1625 260 1682; x_wconf 90' lang='lat' dir='ltr'>A.</span> <span class='ocrx_word' id='word_1_126' title='bbox 275 1625 312 1682; x_wconf 90' lang='lat' dir='ltr'>U.</span> <span class='ocrx_word' id='word_1_127' title='bbox 325 1621 476 1707; x_wconf 71' lang='lat' dir='ltr'>724,q110</span> <span class='ocrx_word' id='word_1_128' title='bbox 490 1623 607 1684; x_wconf 88' lang='lat' dir='ltr'>librum</span> <span class='ocrx_word' id='word_1_129' title='bbox 621 1623 761 1706; x_wconf 91' lang='lat' dir='ltr'>primum</span> <span class='ocrx_word' id='word_1_130' title='bbox 777 1645 834 1684; x_wconf 89' lang='lat' dir='ltr'>nos</span> <span class='ocrx_word' id='word_1_131' title='bbox 848 1627 1010 1686; x_wconf 84' lang='lat' dir='ltr'>statuimus</span> <span class='ocrx_word' id='word_1_132' title='bbox 1027 1626 1161 1702; x_wconf 85' lang='lat' dir='ltr'>editum,</span> <span class='ocrx_word' id='word_1_133' title='bbox 1177 1628 1275 1687; x_wconf 81' lang='lat' dir='ltr'>exori·</span> 
     </span>
     <span class='ocr_line' id='line_1_15' title="bbox 227 1721 1273 1804; baseline 0.004 -26"><span class='ocrx_word' id='word_1_134' title='bbox 227 1733 277 1779; x_wconf 91' lang='lat' dir='ltr'>tur</span> <span class='ocrx_word' id='word_1_135' title='bbox 298 1721 444 1802; x_wconf 72' lang='lat' dir='ltr'>quaestio,</span> <span class='ocrx_word' id='word_1_136' title='bbox 469 1741 641 1804; x_wconf 86' lang='lat' dir='ltr'>quamnam</span> <span class='ocrx_word' id='word_1_137' title='bbox 666 1721 708 1780; x_wconf 91' lang='lat' dir='ltr'>ob</span> <span class='ocrx_word' id='word_1_138' title='bbox 735 1741 876 1798; x_wconf 88' lang='lat' dir='ltr'>causam,</span> <span class='ocrx_word' id='word_1_139' title='bbox 899 1737 929 1782; x_wconf 88' lang='lat' dir='ltr'>et</span> <span class='ocrx_word' id='word_1_140' title='bbox 952 1724 1002 1782; x_wconf 93' lang='lat' dir='ltr'>cni</span> <span class='ocrx_word' id='word_1_141' title='bbox 1023 1723 1211 1784; x_wconf 84' lang='lat' dir='ltr'>Octavianus</span> <span class='ocrx_word' id='word_1_142' title='bbox 1235 1723 1273 1783; x_wconf 89' lang='lat' dir='ltr'>ad</span> 
     </span>
     <span class='ocr_line' id='line_1_16' title="bbox 227 1818 1274 1903; baseline 0.006 -27"><span class='ocrx_word' id='word_1_143' title='bbox 227 1818 346 1878; x_wconf 88' lang='lat' dir='ltr'>Actium</span> <span class='ocrx_word' id='word_1_144' title='bbox 365 1821 463 1880; x_wconf 84' lang='lat' dir='ltr'>victor</span> <span class='ocrx_word' id='word_1_145' title='bbox 485 1820 640 1901; x_wconf 88' lang='lat' dir='ltr'>singulare</span> <span class='ocrx_word' id='word_1_146' title='bbox 665 1820 830 1902; x_wconf 89' lang='lat' dir='ltr'>imperium</span> <span class='ocrx_word' id='word_1_147' title='bbox 852 1821 884 1879; x_wconf 90' lang='lat' dir='ltr'>in</span> <span class='ocrx_word' id='word_1_148' title='bbox 907 1821 1010 1881; x_wconf 82' lang='lat' dir='ltr'>Asiam</span> <span class='ocrx_word' id='word_1_149' title='bbox 1033 1820 1166 1898; x_wconf 83' lang='lat' dir='ltr'>dederit,</span> <span class='ocrx_word' id='word_1_150' title='bbox 1187 1819 1274 1903; x_wconf 86' lang='lat' dir='ltr'>cujus</span> 
     </span>
     <span class='ocr_line' id='line_1_17' title="bbox 227 1915 1273 2002; baseline 0.004 -28"><span class='ocrx_word' id='word_1_151' title='bbox 227 1916 307 1976; x_wconf 88' lang='lat' dir='ltr'>inter</span> <span class='ocrx_word' id='word_1_152' title='bbox 323 1920 451 1977; x_wconf 88' lang='lat' dir='ltr'>comites</span> <span class='ocrx_word' id='word_1_153' title='bbox 467 1916 574 1978; x_wconf 87' lang='lat' dir='ltr'>Tullus</span> <span class='ocrx_word' id='word_1_154' title='bbox 591 1915 715 1998; x_wconf 87' lang='lat' dir='ltr'>juvenis</span> <span class='ocrx_word' id='word_1_155' title='bbox 732 1938 794 1978; x_wconf 89' lang='lat' dir='ltr'>esse</span> <span class='ocrx_word' id='word_1_156' title='bbox 814 1919 959 1999; x_wconf 87' lang='lat' dir='ltr'>potuerit.</span> <span class='ocrx_word' id='word_1_157' title='bbox 974 1920 1061 1996; x_wconf 86' lang='lat' dir='ltr'>Jam,</span> <span class='ocrx_word' id='word_1_158' title='bbox 1081 1941 1273 2002; x_wconf 88' lang='lat' dir='ltr'>quamquam</span> 
     </span>
     <span class='ocr_line' id='line_1_18' title="bbox 226 1999 1273 2098; baseline 0.003 -26"><span class='ocrx_word' id='word_1_159' title='bbox 226 2011 373 2073; x_wconf 90' lang='lat' dir='ltr'>libentius</span> <span class='ocrx_word' id='word_1_160' title='bbox 391 2013 430 2074; x_wconf 83' lang='lat' dir='ltr'>ab</span> <span class='ocrx_word' id='word_1_161' title='bbox 443 2013 510 2073; x_wconf 88' lang='lat' dir='ltr'>aliis</span> <span class='ocrx_word' id='word_1_162' title='bbox 524 2014 628 2075; x_wconf 90' lang='lat' dir='ltr'>doceri</span> <span class='ocrx_word' id='word_1_163' title='bbox 642 1999 705 2096; x_wconf 80' lang='lat' dir='ltr'>ipse</span> <span class='ocrx_word' id='word_1_164' title='bbox 719 2013 827 2088; x_wconf 85' lang='lat' dir='ltr'>velim,</span> <span class='ocrx_word' id='word_1_165' title='bbox 846 2029 966 2090; x_wconf 88' lang='lat' dir='ltr'>tamen,</span> <span class='ocrx_word' id='word_1_166' title='bbox 985 2036 1084 2098; x_wconf 90' lang='lat' dir='ltr'>quum</span> <span class='ocrx_word' id='word_1_167' title='bbox 1098 2037 1145 2077; x_wconf 89' lang='lat' dir='ltr'>res</span> <span class='ocrx_word' id='word_1_168' title='bbox 1158 2013 1273 2076; x_wconf 89' lang='lat' dir='ltr'>horum</span> 
     </span>
     <span class='ocr_line' id='line_1_19' title="bbox 226 2107 1273 2194; baseline 0.004 -26"><span class='ocrx_word' id='word_1_169' title='bbox 226 2128 382 2168; x_wconf 75' lang='lat' dir='ltr'>annonam</span> <span class='ocrx_word' id='word_1_170' title='bbox 391 2109 648 2191; x_wconf 88' lang='lat' dir='ltr'>circumspicienti</span> <span class='ocrx_word' id='word_1_171' title='bbox 657 2131 724 2171; x_wconf 90' lang='lat' dir='ltr'>non</span> <span class='ocrx_word' id='word_1_172' title='bbox 735 2109 795 2170; x_wconf 92' lang='lat' dir='ltr'>alia</span> <span class='ocrx_word' id='word_1_173' title='bbox 808 2107 870 2170; x_wconf 90' lang='lat' dir='ltr'>huc</span> <span class='ocrx_word' id='word_1_174' title='bbox 881 2107 995 2170; x_wconf 86' lang='lat' dir='ltr'>faciens</span> <span class='ocrx_word' id='word_1_175' title='bbox 1009 2125 1166 2188; x_wconf 89' lang='lat' dir='ltr'>occurrat,</span> <span class='ocrx_word' id='word_1_176' title='bbox 1178 2132 1273 2194; x_wconf 91' lang='lat' dir='ltr'>quam</span> 
     </span>
     <span class='ocr_line' id='line_1_20' title="bbox 227 2206 1274 2289; baseline 0.003 -24"><span class='ocrx_word' id='word_1_177' title='bbox 227 2207 324 2266; x_wconf 79' lang='lat' dir='ltr'>turbae</span> <span class='ocrx_word' id='word_1_178' title='bbox 339 2207 399 2268; x_wconf 82' lang='lat' dir='ltr'>illae</span> <span class='ocrx_word' id='word_1_179' title='bbox 412 2207 618 2288; x_wconf 69' lang='lat' dir='ltr'>gladiatoriis,</span> <span class='ocrx_word' id='word_1_180' title='bbox 632 2206 672 2267; x_wconf 91' lang='lat' dir='ltr'>ad</span> <span class='ocrx_word' id='word_1_181' title='bbox 684 2229 760 2288; x_wconf 91' lang='lat' dir='ltr'>quas</span> <span class='ocrx_word' id='word_1_182' title='bbox 772 2207 1003 2289; x_wconf 90' lang='lat' dir='ltr'>componendas</span> <span class='ocrx_word' id='word_1_183' title='bbox 1018 2211 1120 2269; x_wconf 80' lang='lat' dir='ltr'>Cacsar</span> <span class='ocrx_word' id='word_1_184' title='bbox 1135 2209 1274 2269; x_wconf 86' lang='lat' dir='ltr'>Octavia-</span> 
     </span>
     <span class='ocr_line' id='line_1_21' title="bbox 228 2301 1324 2383; baseline 0.005 -24"><span class='ocrx_word' id='word_1_185' title='bbox 228 2321 285 2360; x_wconf 86' lang='lat' dir='ltr'>nus</span> <span class='ocrx_word' id='word_1_186' title='bbox 295 2301 455 2362; x_wconf 84' lang='lat' dir='ltr'>Messalam</span> <span class='ocrx_word' id='word_1_187' title='bbox 467 2304 502 2362; x_wconf 92' lang='lat' dir='ltr'>A.</span> <span class='ocrx_word' id='word_1_188' title='bbox 514 2304 553 2362; x_wconf 90' lang='lat' dir='ltr'>U.</span> <span class='ocrx_word' id='word_1_189' title='bbox 566 2301 625 2383; x_wconf 70' lang='lat'>724</span> <span class='ocrx_word' id='word_1_190' title='bbox 637 2303 733 2378; x_wconf 85' lang='lat' dir='ltr'>misit,</span> <span class='ocrx_word' id='word_1_191' title='bbox 744 2324 810 2364; x_wconf 91' lang='lat' dir='ltr'>non</span> <span class='ocrx_word' id='word_1_192' title='bbox 823 2303 1001 2364; x_wconf 85' lang='lat' dir='ltr'>dubitamus</span> <span class='ocrx_word' id='word_1_193' title='bbox 1012 2325 1063 2364; x_wconf 90' lang='lat' dir='ltr'>eas</span> <span class='ocrx_word' id='word_1_194' title='bbox 1073 2325 1090 2364; x_wconf 91' lang='lat' dir='ltr'>e</span> <span class='ocrx_word' id='word_1_195' title='bbox 1099 2305 1201 2364; x_wconf 82' lang='lat' dir='ltr'>Dione</span> <span class='ocrx_word' id='word_1_196' title='bbox 1212 2304 1271 2365; x_wconf 89' lang='lat' dir='ltr'>loc.</span> <span class='ocrx_word' id='word_1_197' title='bbox 1320 2331 1324 2339; x_wconf 62' lang='lat'><strong><em>¹</em></strong></span> 
     </span>
     <span class='ocr_line' id='line_1_22' title="bbox 225 2399 1272 2484; baseline 0.002 -24"><span class='ocrx_word' id='word_1_198' title='bbox 225 2400 275 2460; x_wconf 87' lang='lat' dir='ltr'>cit.</span> <span class='ocrx_word' id='word_1_199' title='bbox 291 2399 426 2461; x_wconf 83' lang='lat' dir='ltr'>breviter</span> <span class='ocrx_word' id='word_1_200' title='bbox 438 2420 691 2474; x_wconf 87' lang='lat' dir='ltr'>commemorare,</span> <span class='ocrx_word' id='word_1_201' title='bbox 712 2402 736 2461; x_wconf 86' lang='lat' dir='ltr'>si</span> <span class='ocrx_word' id='word_1_202' title='bbox 754 2401 834 2462; x_wconf 87' lang='lat' dir='ltr'>forte</span> <span class='ocrx_word' id='word_1_203' title='bbox 853 2400 1026 2482; x_wconf 89' lang='lat' dir='ltr'>conjectura</span> <span class='ocrx_word' id='word_1_204' title='bbox 1047 2415 1156 2463; x_wconf 85' lang='lat' dir='ltr'>nostra</span> <span class='ocrx_word' id='word_1_205' title='bbox 1169 2404 1272 2484; x_wconf 86' lang='lat' dir='ltr'>peritis</span> 
     </span>
     <span class='ocr_line' id='line_1_23' title="bbox 226 2497 1271 2578; baseline 0.004 -22"><span class='ocrx_word' id='word_1_206' title='bbox 226 2511 256 2556; x_wconf 91' lang='lat' dir='ltr'>et</span> <span class='ocrx_word' id='word_1_207' title='bbox 270 2499 366 2578; x_wconf 82' lang='lat' dir='ltr'>aequis</span> <span class='ocrx_word' id='word_1_208' title='bbox 380 2497 492 2558; x_wconf 89' lang='lat' dir='ltr'>harum</span> <span class='ocrx_word' id='word_1_209' title='bbox 504 2519 607 2559; x_wconf 88' lang='lat' dir='ltr'>rerum</span> <span class='ocrx_word' id='word_1_210' title='bbox 625 2498 749 2558; x_wconf 89' lang='lat' dir='ltr'>arbitris</span> <span class='ocrx_word' id='word_1_211' title='bbox 766 2497 916 2559; x_wconf 67' lang='lat' dir='ltr'>adridens.</span> <span class='ocrx_word' id='word_1_212' title='bbox 935 2499 1088 2560; x_wconf 89' lang='lat' dir='ltr'>Antonius</span> <span class='ocrx_word' id='word_1_213' title='bbox 1105 2500 1271 2577; x_wconf 86' lang='lat' dir='ltr'>nimirum,</span> 
     </span>
     <span class='ocr_line' id='line_1_24' title="bbox 226 2595 1272 2679; baseline 0.001 -24"><span class='ocrx_word' id='word_1_214' title='bbox 226 2597 363 2658; x_wconf 82' lang='lat' dir='ltr'>victorias</span> <span class='ocrx_word' id='word_1_215' title='bbox 382 2618 444 2658; x_wconf 82' lang='lat' dir='ltr'>sure</span> <span class='ocrx_word' id='word_1_216' title='bbox 460 2595 499 2657; x_wconf 90' lang='lat' dir='ltr'>de</span> <span class='ocrx_word' id='word_1_217' title='bbox 514 2599 633 2658; x_wconf 79' lang='lat' dir='ltr'>Caesare</span> <span class='ocrx_word' id='word_1_218' title='bbox 652 2597 852 2679; x_wconf 75' lang='lat' dir='ltr'>deportandae</span> <span class='ocrx_word' id='word_1_219' title='bbox 871 2612 987 2673; x_wconf 90' lang='lat' dir='ltr'>certus,</span> <span class='ocrx_word' id='word_1_220' title='bbox 1006 2598 1045 2659; x_wconf 87' lang='lat' dir='ltr'>ad</span> <span class='ocrx_word' id='word_1_221' title='bbox 1059 2597 1151 2658; x_wconf 89' lang='lat' dir='ltr'>ludos</span> <span class='ocrx_word' id='word_1_222' title='bbox 1165 2599 1272 2657; x_wconf 88' lang='lat' dir='ltr'>trium·</span> 
     </span>
     <span class='ocr_line' id='line_1_25' title="bbox 227 2693 1273 2778; baseline 0.002 -24"><span class='ocrx_word' id='word_1_223' title='bbox 227 2693 347 2778; x_wconf 89' lang='lat' dir='ltr'>phales,</span> <span class='ocrx_word' id='word_1_224' title='bbox 367 2715 442 2776; x_wconf 90' lang='lat' dir='ltr'>qnos</span> <span class='ocrx_word' id='word_1_225' title='bbox 455 2715 486 2754; x_wconf 89' lang='lat' dir='ltr'>se</span> <span class='ocrx_word' id='word_1_226' title='bbox 511 2693 666 2755; x_wconf 81' lang='lat' dir='ltr'>facmrum</span> <span class='ocrx_word' id='word_1_227' title='bbox 678 2695 837 2776; x_wconf 85' lang='lat' dir='ltr'>sperabat,</span> <span class='ocrx_word' id='word_1_228' title='bbox 849 2697 952 2778; x_wconf 81' lang='lat' dir='ltr'>Cyzici</span> <span class='ocrx_word' id='word_1_229' title='bbox 964 2716 1109 2777; x_wconf 89' lang='lat' dir='ltr'>magnam</span> <span class='ocrx_word' id='word_1_230' title='bbox 1124 2695 1273 2776; x_wconf 87' lang='lat' dir='ltr'>gladiato·</span> 
     </span>
     <span class='ocr_line' id='line_1_26' title="bbox 227 2791 1271 2876; baseline 0.001 -24"><span class='ocrx_word' id='word_1_231' title='bbox 227 2812 296 2852; x_wconf 88' lang='lat' dir='ltr'>rum</span> <span class='ocrx_word' id='word_1_232' title='bbox 316 2812 445 2852; x_wconf 90' lang='lat' dir='ltr'>manum</span> <span class='ocrx_word' id='word_1_233' title='bbox 464 2791 599 2868; x_wconf 89' lang='lat' dir='ltr'>aluerat,</span> <span class='ocrx_word' id='word_1_234' title='bbox 613 2792 872 2874; x_wconf 84' lang='lat' dir='ltr'>exercendamque</span> <span class='ocrx_word' id='word_1_235' title='bbox 886 2808 1055 2855; x_wconf 87' lang='lat' dir='ltr'>curaverat.</span> <span class='ocrx_word' id='word_1_236' title='bbox 1069 2796 1271 2876; x_wconf 88' lang='lat' dir='ltr'>Posteaquam</span> 
     </span>
     <span class='ocr_line' id='line_1_27' title="bbox 227 2887 1271 2973; baseline 0.004 -27"><span class='ocrx_word' id='word_1_237' title='bbox 227 2889 320 2968; x_wconf 90' lang='lat' dir='ltr'>igitur</span> <span class='ocrx_word' id='word_1_238' title='bbox 333 2888 383 2947; x_wconf 90' lang='lat' dir='ltr'>isti</span> <span class='ocrx_word' id='word_1_239' title='bbox 398 2887 540 2949; x_wconf 90' lang='lat' dir='ltr'>homines</span> <span class='ocrx_word' id='word_1_240' title='bbox 559 2904 732 2969; x_wconf 79' lang='lat' dir='ltr'>cognorant</span> <span class='ocrx_word' id='word_1_241' title='bbox 743 2891 929 2965; x_wconf 90' lang='lat' dir='ltr'>Antonium,</span> <span class='ocrx_word' id='word_1_242' title='bbox 951 2891 1034 2973; x_wconf 89' lang='lat' dir='ltr'>apud</span> <span class='ocrx_word' id='word_1_243' title='bbox 1046 2891 1170 2950; x_wconf 89' lang='lat' dir='ltr'>Actium</span> <span class='ocrx_word' id='word_1_244' title='bbox 1182 2890 1271 2972; x_wconf 86' lang='lat' dir='ltr'>fuga·</span> 
     </span>
     <span class='ocr_line' id='line_1_28' title="bbox 226 2984 1272 3069; baseline 0.001 -24"><span class='ocrx_word' id='word_1_245' title='bbox 226 2997 292 3045; x_wconf 86' lang='lat' dir='ltr'>tum</span> <span class='ocrx_word' id='word_1_246' title='bbox 303 3030 312 3061; x_wconf 93' lang='lat'>,</span> <span class='ocrx_word' id='word_1_247' title='bbox 322 2984 436 3045; x_wconf 91' lang='lat' dir='ltr'>deinde</span> <span class='ocrx_word' id='word_1_248' title='bbox 452 2988 485 3044; x_wconf 90' lang='lat' dir='ltr'>in</span> <span class='ocrx_word' id='word_1_249' title='bbox 502 2987 667 3068; x_wconf 83' lang='lat' dir='ltr'>AEgyptum</span> <span class='ocrx_word' id='word_1_250' title='bbox 681 2987 869 3066; x_wconf 86' lang='lat' dir='ltr'>confugisse,</span> <span class='ocrx_word' id='word_1_251' title='bbox 886 2987 1101 3048; x_wconf 85' lang='lat' dir='ltr'>adferendum</span> <span class='ocrx_word' id='word_1_252' title='bbox 1115 2988 1173 3069; x_wconf 91' lang='lat' dir='ltr'>ipsi</span> <span class='ocrx_word' id='word_1_253' title='bbox 1187 2988 1272 3048; x_wconf 88' lang='lat' dir='ltr'>auxi-</span> 
     </span>
     <span class='ocr_line' id='line_1_29' title="bbox 225 3081 1272 3167; baseline 0.003 -26"><span class='ocrx_word' id='word_1_254' title='bbox 225 3081 303 3142; x_wconf 90' lang='lat' dir='ltr'>lium</span> <span class='ocrx_word' id='word_1_255' title='bbox 317 3083 374 3142; x_wconf 89' lang='lat' dir='ltr'>iter</span> <span class='ocrx_word' id='word_1_256' title='bbox 386 3098 599 3166; x_wconf 86' lang='lat' dir='ltr'>susceperant,</span> <span class='ocrx_word' id='word_1_257' title='bbox 614 3105 649 3144; x_wconf 85' lang='lat' dir='ltr'>ac</span> <span class='ocrx_word' id='word_1_258' title='bbox 661 3086 751 3144; x_wconf 83' lang='lat' dir='ltr'>variis</span> <span class='ocrx_word' id='word_1_259' title='bbox 763 3085 860 3146; x_wconf 90' lang='lat' dir='ltr'>turbis</span> <span class='ocrx_word' id='word_1_260' title='bbox 876 3107 930 3166; x_wconf 90' lang='lat' dir='ltr'>per</span> <span class='ocrx_word' id='word_1_261' title='bbox 943 3088 1042 3146; x_wconf 82' lang='lat' dir='ltr'>varias</span> <span class='ocrx_word' id='word_1_262' title='bbox 1052 3087 1128 3146; x_wconf 84' lang='lat' dir='ltr'>Asiae</span> <span class='ocrx_word' id='word_1_263' title='bbox 1145 3086 1272 3167; x_wconf 87' lang='lat' dir='ltr'>provin·</span> 
     </span>
     <span class='ocr_line' id='line_1_30' title="bbox 225 3178 1272 3257; baseline 0.003 -20"><span class='ocrx_word' id='word_1_264' title='bbox 225 3179 304 3253; x_wconf 90' lang='lat' dir='ltr'>cias,</span> <span class='ocrx_word' id='word_1_265' title='bbox 333 3178 489 3238; x_wconf 87' lang='lat' dir='ltr'>Galatiam</span> <span class='ocrx_word' id='word_1_266' title='bbox 517 3181 649 3240; x_wconf 80' lang='lat' dir='ltr'>maxime</span> <span class='ocrx_word' id='word_1_267' title='bbox 675 3195 709 3240; x_wconf 83' lang='lat' dir='ltr'>et</span> <span class='ocrx_word' id='word_1_268' title='bbox 728 3181 888 3255; x_wconf 89' lang='lat' dir='ltr'>Ciliciam,</span> <span class='ocrx_word' id='word_1_269' title='bbox 911 3183 1070 3257; x_wconf 84' lang='lat' dir='ltr'>excitatis,</span> <span class='ocrx_word' id='word_1_270' title='bbox 1088 3181 1214 3241; x_wconf 91' lang='lat' dir='ltr'>tandem</span> <span class='ocrx_word' id='word_1_271' title='bbox 1238 3183 1272 3240; x_wconf 89' lang='lat' dir='ltr'>in</span> 
     </span>
     <span class='ocr_line' id='line_1_31' title="bbox 226 3277 1271 3369; baseline 0.002 -33"><span class='ocrx_word' id='word_1_272' title='bbox 226 3277 344 3358; x_wconf 78' lang='lat' dir='ltr'>Syriam</span> <span class='ocrx_word' id='word_1_273' title='bbox 361 3289 592 3350; x_wconf 84' lang='lat' dir='ltr'>concesserant,</span> <span class='ocrx_word' id='word_1_274' title='bbox 612 3278 666 3338; x_wconf 91' lang='lat' dir='ltr'>ubi</span> <span class='ocrx_word' id='word_1_275' title='bbox 689 3279 727 3355; x_wconf 85' lang='lat' dir='ltr'>Q.</span> <span class='ocrx_word' id='word_1_276' title='bbox 753 3278 845 3340; x_wconf 87' lang='lat' dir='ltr'>Didio</span> <span class='ocrx_word' id='word_1_277' title='bbox 867 3279 961 3369; x_wconf 61' lang='lat' dir='ltr'>Syriae</span> <span class='ocrx_word' id='word_1_278' title='bbox 984 3279 1128 3362; x_wconf 85' lang='lat' dir='ltr'>praefecto</span> <span class='ocrx_word' id='word_1_279' title='bbox 1152 3301 1187 3339; x_wconf 90' lang='lat' dir='ltr'>ea</span> <span class='ocrx_word' id='word_1_280' title='bbox 1208 3300 1271 3338; x_wconf 84' lang='lat' dir='ltr'>sese</span> 
     </span>
     <span class='ocr_line' id='line_1_32' title="bbox 226 3372 1271 3460; baseline 0.002 -28"><span class='ocrx_word' id='word_1_281' title='bbox 226 3372 409 3434; x_wconf 90' lang='lat' dir='ltr'>dediderant</span> <span class='ocrx_word' id='word_1_282' title='bbox 416 3375 613 3451; x_wconf 88' lang='lat' dir='ltr'>conditione,</span> <span class='ocrx_word' id='word_1_283' title='bbox 625 3391 659 3435; x_wconf 89' lang='lat' dir='ltr'>ut</span> <span class='ocrx_word' id='word_1_284' title='bbox 671 3397 710 3436; x_wconf 91' lang='lat' dir='ltr'>ne</span> <span class='ocrx_word' id='word_1_285' title='bbox 721 3376 906 3457; x_wconf 89' lang='lat' dir='ltr'>gladiatores</span> <span class='ocrx_word' id='word_1_286' title='bbox 915 3376 1042 3460; x_wconf 87' lang='lat' dir='ltr'>posthac</span> <span class='ocrx_word' id='word_1_287' title='bbox 1051 3390 1165 3452; x_wconf 90' lang='lat' dir='ltr'>essent,</span> <span class='ocrx_word' id='word_1_288' title='bbox 1175 3388 1271 3456; x_wconf 89' lang='lat' dir='ltr'>utque</span> 
     </span>
     <span class='ocr_line' id='line_1_33' title="bbox 226 3467 1270 3552; baseline 0 -22"><span class='ocrx_word' id='word_1_289' title='bbox 226 3467 381 3552; x_wconf 88' lang='lat' dir='ltr'>Daphnen</span> <span class='ocrx_word' id='word_1_290' title='bbox 392 3470 568 3532; x_wconf 70' lang='lat' dir='ltr'>Antiochia</span> <span class='ocrx_word' id='word_1_291' title='bbox 581 3471 765 3532; x_wconf 90' lang='lat' dir='ltr'>suburbium</span> <span class='ocrx_word' id='word_1_292' title='bbox 785 3475 828 3532; x_wconf 89' lang='lat' dir='ltr'>eis</span> <span class='ocrx_word' id='word_1_293' title='bbox 848 3473 1054 3533; x_wconf 88' lang='lat' dir='ltr'>habitandum</span> <span class='ocrx_word' id='word_1_294' title='bbox 1074 3471 1270 3547; x_wconf 86' lang='lat' dir='ltr'>concederet,</span> 
     </span>
     <span class='ocr_line' id='line_1_34' title="bbox 226 3565 1270 3650; baseline -0.001 -24"><span class='ocrx_word' id='word_1_295' title='bbox 226 3565 326 3627; x_wconf 89' lang='lat' dir='ltr'>donec</span> <span class='ocrx_word' id='word_1_296' title='bbox 347 3567 456 3628; x_wconf 75' lang='lat' dir='ltr'>Coesari</span> <span class='ocrx_word' id='word_1_297' title='bbox 481 3589 516 3626; x_wconf 89' lang='lat' dir='ltr'>ea</span> <span class='ocrx_word' id='word_1_298' title='bbox 539 3588 585 3628; x_wconf 79' lang='lat' dir='ltr'>res</span> <span class='ocrx_word' id='word_1_299' title='bbox 606 3568 839 3650; x_wconf 84' lang='lat' dir='ltr'>significaretur.</span> <span class='ocrx_word' id='word_1_300' title='bbox 863 3571 905 3628; x_wconf 86' lang='lat' dir='ltr'>Hi</span> <span class='ocrx_word' id='word_1_301' title='bbox 924 3569 1050 3650; x_wconf 88' lang='lat' dir='ltr'>quidem</span> <span class='ocrx_word' id='word_1_302' title='bbox 1068 3566 1270 3649; x_wconf 86' lang='lat' dir='ltr'>gladiatores,</span> 
     </span>
     <span class='ocr_line' id='line_1_35' title="bbox 226 3661 1270 3747; baseline 0 -25"><span class='ocrx_word' id='word_1_303' title='bbox 226 3661 313 3723; x_wconf 82' lang='lat' dir='ltr'>addit</span> <span class='ocrx_word' id='word_1_304' title='bbox 334 3665 413 3738; x_wconf 90' lang='lat' dir='ltr'>Dio,</span> <span class='ocrx_word' id='word_1_305' title='bbox 432 3675 536 3746; x_wconf 86' lang='lat' dir='ltr'>postea</span> <span class='ocrx_word' id='word_1_306' title='bbox 557 3687 575 3724; x_wconf 86' lang='lat' dir='ltr'>a</span> <span class='ocrx_word' id='word_1_307' title='bbox 593 3665 720 3725; x_wconf 85' lang='lat' dir='ltr'>Messala</span> <span class='ocrx_word' id='word_1_308' title='bbox 737 3665 871 3747; x_wconf 88' lang='lat' dir='ltr'>decepti,</span> <span class='ocrx_word' id='word_1_309' title='bbox 891 3666 944 3725; x_wconf 89' lang='lat' dir='ltr'>alii</span> <span class='ocrx_word' id='word_1_310' title='bbox 959 3666 1021 3727; x_wconf 87' lang='lat' dir='ltr'>alio</span> <span class='ocrx_word' id='word_1_311' title='bbox 1035 3664 1168 3738; x_wconf 86' lang='lat' dir='ltr'>dimissi,</span> <span class='ocrx_word' id='word_1_312' title='bbox 1184 3665 1270 3742; x_wconf 91' lang='lat' dir='ltr'>quasi</span> 
     </span>
     <span class='ocr_line' id='line_1_36' title="bbox 227 3759 1269 3845; baseline 0 -25"><span class='ocrx_word' id='word_1_313' title='bbox 227 3759 403 3841; x_wconf 84' lang='lat' dir='ltr'>legionibus</span> <span class='ocrx_word' id='word_1_314' title='bbox 425 3761 636 3838; x_wconf 87' lang='lat' dir='ltr'>adscribendi,</span> <span class='ocrx_word' id='word_1_315' title='bbox 656 3783 691 3824; x_wconf 90' lang='lat' dir='ltr'>ac</span> <span class='ocrx_word' id='word_1_316' title='bbox 713 3784 768 3845; x_wconf 88' lang='lat' dir='ltr'>per</span> <span class='ocrx_word' id='word_1_317' title='bbox 795 3765 984 3824; x_wconf 88' lang='lat' dir='ltr'>occasionem</span> <span class='ocrx_word' id='word_1_318' title='bbox 1012 3761 1165 3822; x_wconf 87' lang='lat' dir='ltr'>interfecti</span> <span class='ocrx_word' id='word_1_319' title='bbox 1186 3773 1269 3820; x_wconf 85' lang='lat' dir='ltr'>sunt.</span> 
     </span>
     <span class='ocr_line' id='line_1_37' title="bbox 227 3855 1271 3942; baseline -0.001 -26"><span class='ocrx_word' id='word_1_320' title='bbox 227 3857 311 3930; x_wconf 82' lang='lat' dir='ltr'>dam,</span> <span class='ocrx_word' id='word_1_321' title='bbox 331 3858 387 3917; x_wconf 85' lang='lat' dir='ltr'>etsi</span> <span class='ocrx_word' id='word_1_322' title='bbox 405 3856 533 3918; x_wconf 90' lang='lat' dir='ltr'>Messala</span> <span class='ocrx_word' id='word_1_323' title='bbox 553 3871 620 3918; x_wconf 91' lang='lat' dir='ltr'>tum</span> <span class='ocrx_word' id='word_1_324' title='bbox 640 3859 786 3940; x_wconf 88' lang='lat' dir='ltr'>temporis</span> <span class='ocrx_word' id='word_1_325' title='bbox 799 3879 863 3920; x_wconf 91' lang='lat' dir='ltr'>non</span> <span class='ocrx_word' id='word_1_326' title='bbox 883 3861 946 3942; x_wconf 88' lang='lat' dir='ltr'>ipse</span> <span class='ocrx_word' id='word_1_327' title='bbox 960 3861 1067 3920; x_wconf 83' lang='lat' dir='ltr'>Romae</span> <span class='ocrx_word' id='word_1_328' title='bbox 1084 3855 1157 3932; x_wconf 84' lang='lat' dir='ltr'>fuit,</span> <span class='ocrx_word' id='word_1_329' title='bbox 1171 3859 1271 3939; x_wconf 91' lang='lat' dir='ltr'>potuit</span> 
     </span>
     <span class='ocr_line' id='line_1_38' title="bbox 228 3957 1268 4040; baseline -0.001 -26"><span class='ocrx_word' id='word_1_330' title='bbox 228 3967 331 4016; x_wconf 87' lang='lat' dir='ltr'>tamen</span> <span class='ocrx_word' id='word_1_331' title='bbox 343 3976 379 4015; x_wconf 86' lang='lat' dir='ltr'>ea</span> <span class='ocrx_word' id='word_1_332' title='bbox 398 3977 444 4016; x_wconf 89' lang='lat' dir='ltr'>res</span> <span class='ocrx_word' id='word_1_333' title='bbox 460 3957 504 4016; x_wconf 92' lang='lat' dir='ltr'>ibi</span> <span class='ocrx_word' id='word_1_334' title='bbox 521 3971 593 4018; x_wconf 89' lang='lat' dir='ltr'>nota</span> <span class='ocrx_word' id='word_1_335' title='bbox 605 3957 683 4032; x_wconf 83' lang='lat' dir='ltr'>lieri,</span> <span class='ocrx_word' id='word_1_336' title='bbox 698 3969 728 4018; x_wconf 92' lang='lat' dir='ltr'>et</span> <span class='ocrx_word' id='word_1_337' title='bbox 744 3969 812 4040; x_wconf 87' lang='lat' dir='ltr'>post</span> <span class='ocrx_word' id='word_1_338' title='bbox 827 3978 966 4040; x_wconf 88' lang='lat' dir='ltr'>pugnarn</span> <span class='ocrx_word' id='word_1_339' title='bbox 984 3957 1152 4032; x_wconf 86' lang='lat' dir='ltr'>Actiacam,</span> <span class='ocrx_word' id='word_1_340' title='bbox 1170 3975 1268 4037; x_wconf 87' lang='lat' dir='ltr'>quum</span> 
     </span>
    </p>
   </div>
   <div class='ocr_carea' id='block_1_3' title="bbox 0 0 1568 4766">
    <p class='ocr_par' dir='ltr' id='par_1_3' title="bbox 0 0 1568 4766">
     <span class='ocr_line' id='line_1_39' title="bbox 0 0 1568 4766; baseline 0 0"><span class='ocrx_word' id='word_1_341' title='bbox 0 0 1568 4766; x_wconf 95' lang='lat' dir='ltr'> </span> 
     </span>
    </p>
   </div>
  </div>
 </body>
</html>
