3128 4766
286 361 328 428 58
599 360 864 428 PROPERTII
886 361 975 426 LlB.
1002 362 1027 425 l.

331 493 373 554 Et
384 489 487 554 miser
497 487 629 578 ignotos
642 490 781 578 vestigia
792 487 880 555 ferre
891 511 952 580 per
962 489 1074 579 ignee,

379 601 421 664 Et
430 594 546 664 bibere
558 619 578 661 e
589 611 659 664 tota
670 581 779 666 toxica
789 595 976 666 Thessalia.

333 711 407 772 Non
420 723 472 773 est
483 705 538 776 illa
551 709 643 798 vagis
656 707 772 776 similis
785 707 906 775 collate
919 707 1039 800 puellis
1052 735 1059 774 :

380 815 528 893 Molliter
539 820 637 884 irasci
649 841 717 888 non
733 820 815 892 sciet
825 815 883 890 illd
893 817 963 892 tibi.

331 926 430 1012 Quod
442 929 469 994 si
482 927 567 996 forte
579 931 729 1012 tuisnon
740 945 793 997 est
803 931 971 996 contraria
982 931 1084 1010 votis,

377 1043 421 1106 At
432 1038 492 1105 tibi
504 1063 662 1108 curarum
674 1037 780 1110 millia
793 1057 918 1135 quante
929 1039 1037 1107 dabit!

332 1151 407 1215 Non
418 1149 477 1216 tibi
486 1145 558 1241 jam
570 1173 723 1231 somnos,
737 1174 806 1217 non
821 1149 877 1218 illa
892 1149 1060 1244 relinquet
1070 1149 1205 1217 ocellos.

379 1254 441 1324 {lla
452 1258 541 1326 feros
553 1261 673 1328 animis
686 1257 893 1351 adligatum
904 1262 1003 1330 viros.

332 1367 382 1436 Ah
393 1391 469 1446 mea
481 1385 670 1436 contemtus
683 1371 814 1466 quoties
826 1367 869 1435 ad
882 1368 998 1436 limina
1010 1391 1141 1450 curres,

319 1527 324 1538 .
378 1481 490 1566 Quum
504 1477 565 1562 tibi,
576 1477 727 1574 singultu
738 1479 836 1548 fortia
848 1477 952 1550 verbu
962 1478 1100 1562 cadent,

333 1593 375 1656 Et
385 1588 550 1660 tremulus
563 1593 689 1662 moestia
701 1593 829 1661 orietur
840 1588 973 1662 fletibus
986 1589 1123 1672 horror,
1306 1602 1336 1654 15

379 1703 421 1770 Et
429 1702 530 1772 timor
541 1701 719 1772 informem
731 1697 833 1770 ducet
842 1704 878 1770 iu
888 1724 947 1770 ore
959 1716 1093 1782 notem,

324 1883 349 1936 5.
363 1885 398 1936 Et
415 1885 512 1938 miseri
529 1897 616 1954 notos,
638 1901 689 1944 etc.
709 1891 749 1942 lta
765 1901 792 1942 et
836 1885 942 1940 exhibet
968 1885 1111 1944 lectionem
1144 1883 1276 1938 Barthius.
1301 1913 1337 1926 -

287 1961 377 2014 llorat.
400 1961 487 2015 Carm.
508 1905 545 2031 ll,
569 1983 637 2036 r‚7,
664 1965 791 2018 «incedis
836 1965 927 2018 Millia
947 1978 1065 2044 quanta,
1084 1983 1134 2040 pro
1153 1979 1220 2038 quot
1239 1963 1337 2032 millia,

286 2059 335 2111 per
361 2043 434 2112 ignes
457 2041 614 2114 Subpositos
638 2046 721 2097 cineri
743 2043 792 2096 do-
836 2057 866 2098 nt
879 2055 997 2098 sexcenta
1017 2056 1090 2099 unte
1109 2043 1192 2096 Plaut.
1212 2043 1336 2098 Bacchid.

287 2119 354 2172 loto.
367 2145 377 2168 ι
391 2151 427 2162 -
438 2123 535 2176 Toxica
550 2143 564 2176 e
582 2123 730 2191 Tlreasnlia,
744 2143 791 2178 eu·
835 2129 885 2193 tv,
898 2143 933 2196 9,
949 2143 994 2178 ιιι
1007 2147 1014 2188 ;
1027 2124 1114 2177 millia
1124 2143 1235 2198 meque,
1244 2124 1336 2190 idest,

284 2203 329 2270 jus
345 2200 435 2260 herba
452 2221 609 2277 venenaque
625 2209 723 2279 pterim
739 2227 792 2260 ne·
836 2203 936 2268 multa,
950 2203 1038 2258 Valer.
1050 2203 1184 2270 Flaccv,
1197 2202 1257 2273 ‘ll-

288 2295 435 2336 morentnr.
875 2300 915 2338 ιι.
934 2283 998 2336 Noa
1013 2283 1060 2336 tibi
1070 2286 1131 2356 jam
1150 2299 1269 2348 somnos,
1287 2295 1336 2336 etc.

324 2377 348 2430 7.
374 2361 437 2413 Non
461 2361 554 2416 similis
574 2361 624 2415 illa
646 2367 718 2440 trapis
737 2375 791 2430 est,
836 2360 1337 2432 PasseratiustNocturnamtibiquie·

289 2437 382 2508 quales
404 2457 495 2508 amaa,
516 2439 549 2492 de
567 2440 647 2514 vulgo
668 2444 790 2496 feminis:
837 2451 889 2493 tem
902 2441 1015 2507 adimet,
1028 2439 1175 2511 oculosque
1186 2441 1261 2510 ipsos
1272 2440 1338 2510 vigi-

288 2519 361 2568 conf.
383 2517 451 2588 eleg.
476 2520 523 2586 13,
543 2537 599 2591 quae
618 2519 653 2572 ati
670 2521 792 2573 eumdem
836 2517 878 2570 liis
901 2531 927 2570 et
952 2518 1074 2590 lacrymis
1100 2517 1148 2568 tibi
1174 2529 1336 2589 corrumpet.

288 2593 392 2646 Gallum
407 2610 460 2662 est,
475 2615 526 2649 vsa.
546 2615 657 2650 tt-rn.
675 2628 711 2639 -—
729 2599 791 2652 cot·
836 2599 1017 2650 Burmannus:
1029 2598 1112 2651 Stabit
1119 2616 1222 2669 semper
1233 2597 1283 2650 tibi
1293 2616 1339 2650 an-

290 2674 360 2740 lata,
376 2675 398 2726 si
411 2674 507 2728 collata
519 2695 580 2729 cnm
590 2679 646 2734 istis
658 2679 746 2733 fuerit.
756 2707 793 2722 -··
837 2692 862 2732 te
873 2677 980 2742 oculor,
991 2695 1040 2733 nec
1049 2691 1075 2732 te
1087 2677 1229 2749 relinquet,
1236 2678 1289 2733 aire
1297 2697 1339 2732 so-

290 2753 351 2805 Non
362 2753 431 2806 sciet.
440 2757 481 2807 lte
493 2755 618 2828 scaligeri
628 2775 683 2809 non
693 2777 791 2830 magna
837 2775 929 2808 ninum
937 2769 1039 2828 captes,
1051 2775 1098 2810 seu
1106 2757 1210 2830 vigiles:
1219 2776 1267 2828 per
1274 2757 1340 2810 ocel-

289 2832 350 2884 litlei
361 2833 471 2886 Codex:
490 2839 576 2888 caeteri
590 2855 643 2889 non
655 2837 733 2904 solet,
749 2859 792 2892 re·
837 2835 876 2890 lot
893 2835 1046 2908 vigilantem
1060 2836 1094 2890 de
1115 2835 1158 2890 die
1176 2836 1293 2901 indicet,
1310 2850 1339 2890 ut

288 2926 427 2982 pugnante
442 2931 530 2968 seusu.
540 2914 726 2970 Lachmannua
737 2935 794 2970 coe·
837 2935 886 2987 pet·
898 2933 1001 2971 rotnace
1014 2915 1197 2970 dormientem.
1208 2917 1338 2981 -Fetos,

290 2993 368 3061 tigit,
391 3015 402 3037 ι
416 2994 532 3046 Molliter
554 2995 633 3050 irasci
651 3015 705 3052 non
725 2997 794 3054 solet
842 2998 973 3076 superbos
990 2999 1105 3066 animis,
1126 3013 1152 3052 et
1170 2997 1337 3054 reluctantes.

291 3069 335 3122 illa
348 3093 354 3122 ι
369 3071 440 3124 time.
453 3097 464 3120 ιι
483 3075 624 3146 Egregium
643 3095 705 3128 sanc
722 3076 793 3144 hoc,
877 3079 917 3132 13.
934 3080 1099 3143 contemtus,
1117 3079 1237 3149 repulsus
1250 3076 1282 3129 ab
1297 3095 1336 3128 ea.

291 3167 341 3199 nec
357 3151 443 3203 minus
456 3169 536 3221 quam
548 3167 655 3225 recepta
669 3153 794 3226 scaligeri
836 3159 983 3223 -Fortia,
996 3155 1174 3222 confidentia,
1187 3155 1239 3207 alta
1252 3156 1336 3207 uerba.

290 3229 371 3284 lectio
382 3227 532 3302 probabile·
677 3281 684 3294 ,
837 3237 975 3304 Tibullus,
988 3237 1026 3300 11,
1043 3235 1075 3302 6,
1095 3253 1122 3286 ιι
1135 3255 1141 3286 t
1159 3235 1277 3304 «Megas
1295 3233 1337 3285 lo-

325 3326 351 3378 9.
368 3311 444 3381 Quod
453 3311 476 3364 si
480 3311 629 3382 sorte‚ete.
643 3312 791 3370 Broulrhus.
838 3335 923 3388 quare
940 3315 985 3368 sed
1002 3313 1139 3385 magnifice
1157 3311 1222 3365 milri
1242 3315 1337 3382 uskun

290 3391 387 3462 partim
402 3409 434 3442 ex
445 3391 643 3460 emendatione,
655 3395 794 3466 pertimeat
837 3395 950 3466 loquuta
975 3395 1118 3446 Excutiunt
1141 3391 1235 3446 eleuare
1257 3393 1338 3444 fortia

290 3469 349 3524 eliis
363 3469 508 3526 Codicibut
523 3475 617 3544 paucis
635 3473 794 3541 scribendo,
837 3473 917 3528 rerba
930 3475 1011 3528 foma.
1021 3497 1034 3522 ι

294 3574 305 3596 ⁸
315 3549 396 3618 Quod
408 3552 430 3608 ti
441 3551 512 3608 forte
526 3553 593 3606 eratis
606 3573 661 3608 non
676 3567 715 3608 est
726 3571 793 3606 con·
878 3553 917 3606 15.
927 3551 1076 3616 ,Tremulus
1095 3550 1198 3614 horror,
1219 3551 1338 3620 corporis

290 3632 370 3684 traria
384 3634 490 3700 nostris,
502 3635 536 3686 At
548 3631 595 3688 tihi
604 3671 613 3700 ,
623 3647 673 3686 etc.
687 3656 698 3680 ι
710 3631 794 3702 (scili
838 3641 936 3684 tremor
945 3641 972 3682 et
981 3629 1116 3692 fremitus,
1129 3647 1179 3681 nec
1188 3628 1245 3682 sine
1258 3627 1339 3702 lacry-

292 3725 350 3775 cet,
370 3725 401 3764 ut
418 3731 448 3766 ea
469 3733 547 3786 quara
565 3715 678 3784 Scaliger
696 3712 793 3781 dabat,
837 3709 896 3764 ntis.
910 3708 1099 3785 Maestifletas,
1116 3721 1146 3758 ut
1160 3706 1338 3779 tristataery·

293 3789 373 3858 liujus
403 3794 525 3848 carminis
555 3793 793 3864 interpretatione,
839 3787 1340 3862 moe'libull.l,t,tia;moestiqtrettst

292 3869 368 3922 Gallo
394 3871 535 3926 conciliare
565 3871 632 3928 velle
655 3871 793 3944 Cynthium
838 3869 1036 3942 VirgilGenrg.
1058 3871 1102 3936 w,
1124 3869 1184 3923 ⁵15.
1199 3899 1233 3912 --
1249 3869 1339 3942 lator·

295 3949 446 4016 Propertius
461 3951 518 4020 ipse
538 3949 717 4022 intelligatur)
733 3969 794 4004 seu·
839 3969 908 4004 mem
935 3963 1044 4017 aotam,
1070 3951 1220 4024 pallorem,
1245 3953 1339 4018 decet,

293 4027 400 4078 tentiam
410 4047 518 4100 prorsus
525 4030 657 4100 pervertit.
668 4027 793 4084 Eatudem
839 4029 956 4086 inducet.
