<?xml version="1.0" encoding="UTF-8"?>
<!DOCTYPE html PUBLIC "-//W3C//DTD XHTML 1.0 Transitional//EN"
    "http://www.w3.org/TR/xhtml1/DTD/xhtml1-transitional.dtd">
<html xmlns="http://www.w3.org/1999/xhtml" xml:lang="en" lang="en">
 <head>
  <title>
</title>
<meta http-equiv="Content-Type" content="text/html;charset=utf-8" />
  <meta name='ocr-system' content='tesseract 3.04.00' />
  <meta name='ocr-capabilities' content='ocr_page ocr_carea ocr_par ocr_line ocrx_word'/>
</head>
<body>
  <div class='ocr_page' id='page_1' title='image "./sextiaureliipro00propgoog_0279.png"; bbox 0 0 3116 4756; ppageno 0'>
   <div class='ocr_carea' id='block_1_1' title="bbox 504 543 968 860">
    <p class='ocr_par' dir='ltr' id='par_1_1' title="bbox 504 543 968 860">
     <span class='ocr_line' id='line_1_1' title="bbox 504 543 968 649; baseline -0.017 -1"><span class='ocrx_word' id='word_1_1' title='bbox 504 543 754 648; x_wconf 81' lang='lat' dir='ltr'><strong>ELEGIA</strong></span> <span class='ocrx_word' id='word_1_2' title='bbox 783 543 968 649; x_wconf 86' lang='lat' dir='ltr'><strong>XXVI.</strong></span> 
     </span>
     <span class='ocr_line' id='line_1_2' title="bbox 559 783 915 860; baseline 0 -10"><span class='ocrx_word' id='word_1_3' title='bbox 559 783 623 850; x_wconf 76' lang='lat' dir='ltr'>tn</span> <span class='ocrx_word' id='word_1_4' title='bbox 646 783 915 860; x_wconf 73' lang='lat' dir='ltr'>crunnum.</span> 
     </span>
    </p>
   </div>
   <div class='ocr_carea' id='block_1_2' title="bbox 689 1038 796 1060">
    <p class='ocr_par' dir='ltr' id='par_1_2' title="bbox 689 1038 796 1060">
     <span class='ocr_line' id='line_1_3' title="bbox 689 1038 796 1060; baseline 0 -6"><span class='ocrx_word' id='word_1_5' title='bbox 689 1038 796 1060; x_wconf 68' lang='grc' dir='ltr'>ψ-ι-ι</span> 
     </span>
    </p>
   </div>
   <div class='ocr_carea' id='block_1_3' title="bbox 626 1234 853 1272">
    <p class='ocr_par' dir='ltr' id='par_1_3' title="bbox 626 1234 853 1272">
     <span class='ocr_line' id='line_1_4' title="bbox 626 1234 853 1272; baseline -0.004 0"><span class='ocrx_word' id='word_1_6' title='bbox 626 1234 853 1272; x_wconf 62' lang='lat' dir='ltr'>assumunt.</span> 
     </span>
    </p>
   </div>
   <div class='ocr_carea' id='block_1_4' title="bbox 152 1348 1272 2698">
    <p class='ocr_par' dir='ltr' id='par_1_4' title="bbox 152 1348 1272 2698">
     <span class='ocr_line' id='line_1_5' title="bbox 256 1348 1268 1436; baseline 0.001 -25"><span class='ocrx_word' id='word_1_7' title='bbox 256 1351 294 1412; x_wconf 90' lang='lat' dir='ltr'>ln</span> <span class='ocrx_word' id='word_1_8' title='bbox 310 1371 421 1412; x_wconf 90' lang='lat' dir='ltr'>somno</span> <span class='ocrx_word' id='word_1_9' title='bbox 434 1350 512 1412; x_wconf 83' lang='lat' dir='ltr'>vidit</span> <span class='ocrx_word' id='word_1_10' title='bbox 522 1349 709 1434; x_wconf 77' lang='lat' dir='ltr'>naufragam</span> <span class='ocrx_word' id='word_1_11' title='bbox 723 1349 906 1436; x_wconf 76' lang='lat' dir='ltr'>cynthiam,</span> <span class='ocrx_word' id='word_1_12' title='bbox 920 1350 1029 1414; x_wconf 86' lang='lat' dir='ltr'>mediis</span> <span class='ocrx_word' id='word_1_13' title='bbox 1041 1348 1134 1412; x_wconf 85' lang='lat' dir='ltr'>undis</span> <span class='ocrx_word' id='word_1_14' title='bbox 1147 1349 1268 1412; x_wconf 84' lang='lat' dir='ltr'>luctan-</span> 
     </span>
     <span class='ocr_line' id='line_1_6' title="bbox 152 1429 1269 1542; baseline 0 -32"><span class='ocrx_word' id='word_1_15' title='bbox 152 1429 157 1446; x_wconf 60' lang='grc'>’</span> <span class='ocrx_word' id='word_1_16' title='bbox 216 1462 280 1511; x_wconf 87' lang='lat' dir='ltr'>tem</span> <span class='ocrx_word' id='word_1_17' title='bbox 293 1463 322 1511; x_wconf 87' lang='lat' dir='ltr'>et</span> <span class='ocrx_word' id='word_1_18' title='bbox 336 1449 506 1534; x_wconf 87' lang='lat' dir='ltr'>propejam</span> <span class='ocrx_word' id='word_1_19' title='bbox 518 1463 639 1542; x_wconf 84' lang='lat' dir='ltr'>raptam</span> <span class='ocrx_word' id='word_1_20' title='bbox 654 1450 845 1511; x_wconf 84' lang='lat' dir='ltr'>submersam</span> <span class='ocrx_word' id='word_1_21' title='bbox 858 1451 988 1532; x_wconf 78' lang='lat' dir='ltr'>gurgite.</span> <span class='ocrx_word' id='word_1_22' title='bbox 1003 1450 1031 1510; x_wconf 91' lang='grc' dir='ltr'><strong>Ο</strong></span> <span class='ocrx_word' id='word_1_23' title='bbox 1043 1451 1147 1511; x_wconf 90' lang='lat' dir='ltr'>miseri</span> <span class='ocrx_word' id='word_1_24' title='bbox 1161 1469 1269 1511; x_wconf 84' lang='lat' dir='ltr'>aman-</span> 
     </span>
     <span class='ocr_line' id='line_1_7' title="bbox 217 1547 1269 1632; baseline 0.001 -26"><span class='ocrx_word' id='word_1_25' title='bbox 217 1547 255 1606; x_wconf 90' lang='lat' dir='ltr'>tis</span> <span class='ocrx_word' id='word_1_26' title='bbox 273 1548 399 1632; x_wconf 76' lang='lat' dir='ltr'>agitatio</span> <span class='ocrx_word' id='word_1_27' title='bbox 411 1561 441 1608; x_wconf 90' lang='lat' dir='ltr'>et</span> <span class='ocrx_word' id='word_1_28' title='bbox 453 1547 562 1630; x_wconf 87' lang='lat' dir='ltr'>pavor!</span> <span class='ocrx_word' id='word_1_29' title='bbox 578 1569 597 1608; x_wconf 93' lang='lat' dir='ltr'>o</span> <span class='ocrx_word' id='word_1_30' title='bbox 613 1568 717 1629; x_wconf 82' lang='lat' dir='ltr'>preces</span> <span class='ocrx_word' id='word_1_31' title='bbox 731 1559 761 1608; x_wconf 86' lang='lat' dir='ltr'>et</span> <span class='ocrx_word' id='word_1_32' title='bbox 775 1562 924 1632; x_wconf 85' lang='lat' dir='ltr'>concepta</span> <span class='ocrx_word' id='word_1_33' title='bbox 938 1547 997 1613; x_wconf 87' lang='lat' dir='ltr'>diis</span> <span class='ocrx_word' id='word_1_34' title='bbox 1015 1560 1105 1622; x_wconf 85' lang='lat' dir='ltr'>vota,</span> <span class='ocrx_word' id='word_1_35' title='bbox 1119 1567 1188 1627; x_wconf 79' lang='lat' dir='ltr'>quae</span> <span class='ocrx_word' id='word_1_36' title='bbox 1203 1558 1269 1612; x_wconf 74' lang='lat' dir='ltr'>tam</span> 
     </span>
     <span class='ocr_line' id='line_1_8' title="bbox 217 1645 1270 1730; baseline 0.004 -26"><span class='ocrx_word' id='word_1_37' title='bbox 217 1665 324 1707; x_wconf 87' lang='lat' dir='ltr'>carum</span> <span class='ocrx_word' id='word_1_38' title='bbox 338 1659 431 1730; x_wconf 89' lang='lat' dir='ltr'>caput</span> <span class='ocrx_word' id='word_1_39' title='bbox 443 1645 629 1708; x_wconf 86' lang='lat' dir='ltr'>redimerent</span> <span class='ocrx_word' id='word_1_40' title='bbox 640 1649 757 1710; x_wconf 86' lang='lat' dir='ltr'>morte!</span> <span class='ocrx_word' id='word_1_41' title='bbox 772 1649 802 1710; x_wconf 80' lang='lat' dir='ltr'>si</span> <span class='ocrx_word' id='word_1_42' title='bbox 817 1662 846 1708; x_wconf 91' lang='lat' dir='ltr'>te</span> <span class='ocrx_word' id='word_1_43' title='bbox 860 1647 968 1722; x_wconf 87' lang='lat' dir='ltr'>talem,</span> <span class='ocrx_word' id='word_1_44' title='bbox 979 1647 1096 1730; x_wconf 82' lang='lat' dir='ltr'>inquit,</span> <span class='ocrx_word' id='word_1_45' title='bbox 1107 1647 1270 1728; x_wconf 73' lang='lat' dir='ltr'>Neptunus</span> 
     </span>
     <span class='ocr_line' id='line_1_9' title="bbox 216 1741 1269 1818; baseline 0 -16"><span class='ocrx_word' id='word_1_46' title='bbox 216 1742 356 1818; x_wconf 82' lang='lat' dir='ltr'>vidisset,</span> <span class='ocrx_word' id='word_1_47' title='bbox 371 1742 497 1803; x_wconf 89' lang='lat' dir='ltr'>haberes</span> <span class='ocrx_word' id='word_1_48' title='bbox 512 1763 611 1818; x_wconf 88' lang='lat' dir='ltr'>nunc,</span> <span class='ocrx_word' id='word_1_49' title='bbox 625 1763 644 1802; x_wconf 97' lang='lat' dir='ltr'>o</span> <span class='ocrx_word' id='word_1_50' title='bbox 656 1765 725 1804; x_wconf 83' lang='lat' dir='ltr'>mea</span> <span class='ocrx_word' id='word_1_51' title='bbox 741 1743 811 1818; x_wconf 80' lang='lat' dir='ltr'>lux,</span> <span class='ocrx_word' id='word_1_52' title='bbox 827 1745 908 1804; x_wconf 90' lang='lat' dir='ltr'>inter</span> <span class='ocrx_word' id='word_1_53' title='bbox 923 1742 1063 1804; x_wconf 83' lang='lat' dir='ltr'>Nereides</span> <span class='ocrx_word' id='word_1_54' title='bbox 1076 1743 1192 1804; x_wconf 84' lang='lat' dir='ltr'>locum.</span> <span class='ocrx_word' id='word_1_55' title='bbox 1210 1741 1269 1804; x_wconf 85' lang='lat' dir='ltr'>Sed</span> 
     </span>
     <span class='ocr_line' id='line_1_10' title="bbox 218 1837 1272 1922; baseline -0.003 -21"><span class='ocrx_word' id='word_1_56' title='bbox 218 1840 340 1901; x_wconf 77' lang='lat' dir='ltr'>Arionis</span> <span class='ocrx_word' id='word_1_57' title='bbox 351 1838 499 1922; x_wconf 88' lang='lat' dir='ltr'>delphino</span> <span class='ocrx_word' id='word_1_58' title='bbox 510 1855 628 1900; x_wconf 82' lang='lat' dir='ltr'>vectam</span> <span class='ocrx_word' id='word_1_59' title='bbox 641 1843 768 1901; x_wconf 83' lang='lat' dir='ltr'>evasisse</span> <span class='ocrx_word' id='word_1_60' title='bbox 777 1840 904 1902; x_wconf 87' lang='lat' dir='ltr'>tandem</span> <span class='ocrx_word' id='word_1_61' title='bbox 915 1841 1001 1900; x_wconf 89' lang='lat' dir='ltr'>illam</span> <span class='ocrx_word' id='word_1_62' title='bbox 1011 1851 1161 1900; x_wconf 83' lang='lat' dir='ltr'>servatam</span> <span class='ocrx_word' id='word_1_63' title='bbox 1172 1837 1272 1898; x_wconf 79' lang='lat' dir='ltr'>booti-</span> 
     </span>
     <span class='ocr_line' id='line_1_11' title="bbox 217 1934 1270 2019; baseline -0.001 -22"><span class='ocrx_word' id='word_1_64' title='bbox 217 1936 284 1997; x_wconf 85' lang='lat' dir='ltr'>bus.</span> <span class='ocrx_word' id='word_1_65' title='bbox 298 1938 536 2018; x_wconf 85' lang='lat' dir='ltr'>-Reouperata</span> <span class='ocrx_word' id='word_1_66' title='bbox 555 1934 698 2019; x_wconf 78' lang='lat' dir='ltr'>Cynthita</span> <span class='ocrx_word' id='word_1_67' title='bbox 718 1937 834 2018; x_wconf 77' lang='lat' dir='ltr'>gratia,</span> <span class='ocrx_word' id='word_1_68' title='bbox 853 1937 1014 1997; x_wconf 85' lang='lat' dir='ltr'>fortunam</span> <span class='ocrx_word' id='word_1_69' title='bbox 1035 1957 1123 1996; x_wconf 86' lang='lat' dir='ltr'>suam</span> <span class='ocrx_word' id='word_1_70' title='bbox 1138 1935 1270 1996; x_wconf 84' lang='lat' dir='ltr'>celebrat</span> 
     </span>
     <span class='ocr_line' id='line_1_12' title="bbox 218 2017 1269 2118; baseline -0.002 -22"><span class='ocrx_word' id='word_1_71' title='bbox 218 2035 390 2104; x_wconf 79' lang='lat' dir='ltr'>tenerrimis</span> <span class='ocrx_word' id='word_1_72' title='bbox 402 2017 514 2115; x_wconf 65' lang='lat' dir='ltr'>plenus‘</span> <span class='ocrx_word' id='word_1_73' title='bbox 526 2034 640 2094; x_wconf 87' lang='lat' dir='ltr'>amoris</span> <span class='ocrx_word' id='word_1_74' title='bbox 651 2034 799 2094; x_wconf 89' lang='lat' dir='ltr'>sensibus.</span> <span class='ocrx_word' id='word_1_75' title='bbox 808 2035 868 2110; x_wconf 82' lang='lat' dir='ltr'>Te,</span> <span class='ocrx_word' id='word_1_76' title='bbox 881 2055 900 2094; x_wconf 95' lang='lat' dir='ltr'>o</span> <span class='ocrx_word' id='word_1_77' title='bbox 912 2033 1015 2118; x_wconf 82' lang='lat' dir='ltr'>puella</span> <span class='ocrx_word' id='word_1_78' title='bbox 1027 2054 1109 2108; x_wconf 81' lang='lat' dir='ltr'>mea,</span> <span class='ocrx_word' id='word_1_79' title='bbox 1122 2032 1162 2091; x_wconf 90' lang='lat' dir='ltr'>ad</span> <span class='ocrx_word' id='word_1_80' title='bbox 1174 2046 1269 2094; x_wconf 86' lang='lat' dir='ltr'>extre·</span> 
     </span>
     <span class='ocr_line' id='line_1_13' title="bbox 218 2130 1269 2217; baseline 0.002 -25"><span class='ocrx_word' id='word_1_81' title='bbox 218 2153 305 2193; x_wconf 91' lang='lat' dir='ltr'>mum</span> <span class='ocrx_word' id='word_1_82' title='bbox 321 2132 430 2193; x_wconf 89' lang='lat' dir='ltr'>orbern</span> <span class='ocrx_word' id='word_1_83' title='bbox 443 2134 545 2215; x_wconf 85' lang='lat' dir='ltr'>sequi,</span> <span class='ocrx_word' id='word_1_84' title='bbox 558 2130 583 2194; x_wconf 88' lang='lat' dir='ltr'>si</span> <span class='ocrx_word' id='word_1_85' title='bbox 596 2133 679 2194; x_wconf 87' lang='lat' dir='ltr'>voles</span> <span class='ocrx_word' id='word_1_86' title='bbox 694 2135 753 2210; x_wconf 88' lang='lat' dir='ltr'>ire,</span> <span class='ocrx_word' id='word_1_87' title='bbox 767 2133 944 2196; x_wconf 85' lang='lat' dir='ltr'>dulcissima</span> <span class='ocrx_word' id='word_1_88' title='bbox 957 2157 1026 2196; x_wconf 90' lang='lat' dir='ltr'>mea</span> <span class='ocrx_word' id='word_1_89' title='bbox 1038 2135 1182 2217; x_wconf 83' lang='lat' dir='ltr'>voluptas</span> <span class='ocrx_word' id='word_1_90' title='bbox 1194 2136 1269 2212; x_wconf 88' lang='lat' dir='ltr'>arit;</span> 
     </span>
     <span class='ocr_line' id='line_1_14' title="bbox 217 2227 1269 2313; baseline 0.002 -24"><span class='ocrx_word' id='word_1_91' title='bbox 217 2243 319 2289; x_wconf 86' lang='lat' dir='ltr'>tecum</span> <span class='ocrx_word' id='word_1_92' title='bbox 332 2227 431 2290; x_wconf 87' lang='lat' dir='ltr'>libens</span> <span class='ocrx_word' id='word_1_93' title='bbox 446 2248 502 2312; x_wconf 86' lang='lat' dir='ltr'>per</span> <span class='ocrx_word' id='word_1_94' title='bbox 518 2231 616 2290; x_wconf 87' lang='lat' dir='ltr'>maria</span> <span class='ocrx_word' id='word_1_95' title='bbox 631 2229 729 2306; x_wconf 81' lang='lat' dir='ltr'>ferar3</span> <span class='ocrx_word' id='word_1_96' title='bbox 744 2245 774 2290; x_wconf 87' lang='lat' dir='ltr'>to</span> <span class='ocrx_word' id='word_1_97' title='bbox 790 2233 890 2306; x_wconf 89' lang='lat' dir='ltr'>socia,</span> <span class='ocrx_word' id='word_1_98' title='bbox 908 2251 965 2292; x_wconf 85' lang='lat' dir='ltr'>nec</span> <span class='ocrx_word' id='word_1_99' title='bbox 980 2243 1103 2304; x_wconf 85' lang='lat' dir='ltr'>ventos,</span> <span class='ocrx_word' id='word_1_100' title='bbox 1122 2251 1180 2290; x_wconf 87' lang='lat' dir='ltr'>neo</span> <span class='ocrx_word' id='word_1_101' title='bbox 1196 2251 1269 2313; x_wconf 88' lang='lat' dir='ltr'>pro·</span> 
     </span>
     <span class='ocr_line' id='line_1_15' title="bbox 219 2321 1270 2407; baseline 0 -21"><span class='ocrx_word' id='word_1_102' title='bbox 219 2323 350 2402; x_wconf 85' lang='lat' dir='ltr'>cellam‚.</span> <span class='ocrx_word' id='word_1_103' title='bbox 360 2345 416 2386; x_wconf 89' lang='lat' dir='ltr'>nec</span> <span class='ocrx_word' id='word_1_104' title='bbox 430 2328 448 2385; x_wconf 89' lang='lat' dir='ltr'>J</span> <span class='ocrx_word' id='word_1_105' title='bbox 451 2321 516 2387; x_wconf 85' lang='lat' dir='ltr'>ovis</span> <span class='ocrx_word' id='word_1_106' title='bbox 531 2327 616 2407; x_wconf 65' lang='lat' dir='ltr'>ignes</span> <span class='ocrx_word' id='word_1_107' title='bbox 627 2325 760 2402; x_wconf 81' lang='lat' dir='ltr'>horre03</span> <span class='ocrx_word' id='word_1_108' title='bbox 775 2329 800 2387; x_wconf 90' lang='lat' dir='ltr'>si</span> <span class='ocrx_word' id='word_1_109' title='bbox 813 2326 1014 2388; x_wconf 81' lang='lat' dir='ltr'>moriendum</span> <span class='ocrx_word' id='word_1_110' title='bbox 1028 2327 1083 2402; x_wconf 86' lang='lat' dir='ltr'>sit,</span> <span class='ocrx_word' id='word_1_111' title='bbox 1097 2327 1270 2387; x_wconf 90' lang='lat' dir='ltr'>moriemur</span> 
     </span>
     <span class='ocr_line' id='line_1_16' title="bbox 219 2422 1270 2507; baseline 0 -25"><span class='ocrx_word' id='word_1_112' title='bbox 219 2422 325 2482; x_wconf 84' lang='lat' dir='ltr'>saltem</span> <span class='ocrx_word' id='word_1_113' title='bbox 343 2423 375 2482; x_wconf 92' lang='lat' dir='ltr'>in</span> <span class='ocrx_word' id='word_1_114' title='bbox 395 2422 540 2506; x_wconf 83' lang='lat' dir='ltr'>amplexu</span> <span class='ocrx_word' id='word_1_115' title='bbox 553 2422 723 2504; x_wconf 86' lang='lat' dir='ltr'>conjuncti.</span> <span class='ocrx_word' id='word_1_116' title='bbox 742 2423 800 2484; x_wconf 92' lang='lat' dir='ltr'>Sed</span> <span class='ocrx_word' id='word_1_117' title='bbox 819 2422 981 2484; x_wconf 86' lang='lat' dir='ltr'>meliorem</span> <span class='ocrx_word' id='word_1_118' title='bbox 998 2444 1153 2507; x_wconf 87' lang='lat' dir='ltr'>speremus</span> <span class='ocrx_word' id='word_1_119' title='bbox 1169 2422 1270 2483; x_wconf 83' lang='lat' dir='ltr'>fortu-</span> 
     </span>
     <span class='ocr_line' id='line_1_17' title="bbox 218 2517 1271 2604; baseline 0.006 -26"><span class='ocrx_word' id='word_1_120' title='bbox 218 2539 293 2580; x_wconf 87' lang='lat' dir='ltr'>nam</span> <span class='ocrx_word' id='word_1_121' title='bbox 317 2517 422 2598; x_wconf 81' lang='lat' dir='ltr'>licebit</span> <span class='ocrx_word' id='word_1_122' title='bbox 441 2542 449 2579; x_wconf 78' lang='grc' dir='ltr'><strong>ι</strong></span> <span class='ocrx_word' id='word_1_123' title='bbox 470 2520 565 2580; x_wconf 88' lang='lat' dir='ltr'>sensit</span> <span class='ocrx_word' id='word_1_124' title='bbox 585 2519 679 2594; x_wconf 75' lang='lat' dir='ltr'>olim,</span> <span class='ocrx_word' id='word_1_125' title='bbox 703 2519 779 2602; x_wconf 89' lang='lat' dir='ltr'>quid</span> <span class='ocrx_word' id='word_1_126' title='bbox 800 2521 839 2584; x_wconf 90' lang='lat' dir='ltr'>sit</span> <span class='ocrx_word' id='word_1_127' title='bbox 860 2541 986 2597; x_wconf 84' lang='lat' dir='ltr'>amare,</span> <span class='ocrx_word' id='word_1_128' title='bbox 1008 2521 1190 2604; x_wconf 59' lang='lat' dir='ltr'>Neptunum</span> <span class='ocrx_word' id='word_1_129' title='bbox 1211 2537 1271 2588; x_wconf 76' lang='lat' dir='ltr'>uos</span> 
     </span>
     <span class='ocr_line' id='line_1_18' title="bbox 218 2613 882 2698; baseline 0.012 -26"><span class='ocrx_word' id='word_1_130' title='bbox 218 2626 355 2675; x_wconf 80' lang='lat' dir='ltr'>amantes</span> <span class='ocrx_word' id='word_1_131' title='bbox 369 2613 458 2676; x_wconf 85' lang='lat' dir='ltr'>favor</span> <span class='ocrx_word' id='word_1_132' title='bbox 468 2630 498 2678; x_wconf 87' lang='lat' dir='ltr'>et</span> <span class='ocrx_word' id='word_1_133' title='bbox 509 2615 606 2679; x_wconf 82' lang='lat' dir='ltr'>tutela</span> <span class='ocrx_word' id='word_1_134' title='bbox 618 2617 754 2698; x_wconf 83' lang='lat' dir='ltr'>Neptuni</span> <span class='ocrx_word' id='word_1_135' title='bbox 767 2630 882 2680; x_wconf 87' lang='lat' dir='ltr'>manet.</span> 
     </span>
    </p>
   </div>
   <div class='ocr_carea' id='block_1_5' title="bbox 686 2843 798 2862">
    <p class='ocr_par' dir='ltr' id='par_1_5' title="bbox 686 2843 798 2862">
     <span class='ocr_line' id='line_1_19' title="bbox 686 2843 798 2862; baseline 0 -4"><span class='ocrx_word' id='word_1_136' title='bbox 686 2843 798 2862; x_wconf 54' lang='grc' dir='ltr'>Π*</span> 
     </span>
    </p>
   </div>
   <div class='ocr_carea' id='block_1_6' title="bbox 264 2965 1136 3438">
    <p class='ocr_par' dir='ltr' id='par_1_6' title="bbox 266 2965 1046 3203">
     <span class='ocr_line' id='line_1_20' title="bbox 266 2965 1046 3096; baseline 0.005 -21"><span class='ocrx_word' id='word_1_137' title='bbox 266 2965 364 3076; x_wconf 70' lang='lat' dir='ltr'>Vror</span> <span class='ocrx_word' id='word_1_138' title='bbox 375 3025 409 3077; x_wconf 85' lang='lat' dir='ltr'>te</span> <span class='ocrx_word' id='word_1_139' title='bbox 420 3011 456 3076; x_wconf 88' lang='lat' dir='ltr'>iu</span> <span class='ocrx_word' id='word_1_140' title='bbox 469 3012 597 3080; x_wconf 88' lang='lat' dir='ltr'>somnis</span> <span class='ocrx_word' id='word_1_141' title='bbox 608 3011 729 3093; x_wconf 70' lang='lat' dir='ltr'>baem,</span> <span class='ocrx_word' id='word_1_142' title='bbox 744 3033 821 3078; x_wconf 89' lang='lat' dir='ltr'>mea</span> <span class='ocrx_word' id='word_1_143' title='bbox 831 3013 918 3096; x_wconf 86' lang='lat' dir='ltr'>vita,</span> <span class='ocrx_word' id='word_1_144' title='bbox 931 3013 1046 3080; x_wconf 81' lang='lat' dir='ltr'>carina</span> 
     </span>
     <span class='ocr_line' id='line_1_21' title="bbox 312 3117 900 3203; baseline 0.005 -18"><span class='ocrx_word' id='word_1_145' title='bbox 312 3121 407 3187; x_wconf 90' lang='lat' dir='ltr'>Ionio</span> <span class='ocrx_word' id='word_1_146' title='bbox 419 3117 523 3188; x_wconf 87' lang='lat' dir='ltr'>lassas</span> <span class='ocrx_word' id='word_1_147' title='bbox 538 3118 662 3189; x_wconf 87' lang='lat' dir='ltr'>ducere</span> <span class='ocrx_word' id='word_1_148' title='bbox 673 3143 749 3188; x_wconf 89' lang='lat' dir='ltr'>rore</span> <span class='ocrx_word' id='word_1_149' title='bbox 761 3143 900 3203; x_wconf 87' lang='lat' dir='ltr'>manus,</span> 
     </span>
    </p>

    <p class='ocr_par' dir='ltr' id='par_1_7' title="bbox 264 3228 1136 3438">
     <span class='ocr_line' id='line_1_22' title="bbox 264 3228 1057 3323; baseline -0.008 -19"><span class='ocrx_word' id='word_1_150' title='bbox 264 3228 310 3304; x_wconf 80' lang='lat' dir='ltr'>Et.</span> <span class='ocrx_word' id='word_1_151' title='bbox 319 3253 543 3323; x_wconf 79' lang='lat' dir='ltr'>quascumque</span> <span class='ocrx_word' id='word_1_152' title='bbox 554 3233 589 3299; x_wconf 91' lang='lat' dir='ltr'>in</span> <span class='ocrx_word' id='word_1_153' title='bbox 600 3255 655 3300; x_wconf 87' lang='lat' dir='ltr'>me</span> <span class='ocrx_word' id='word_1_154' title='bbox 666 3231 780 3300; x_wconf 86' lang='lat' dir='ltr'>fueras</span> <span class='ocrx_word' id='word_1_155' title='bbox 791 3233 932 3298; x_wconf 84' lang='lat' dir='ltr'>mentita</span> <span class='ocrx_word' id='word_1_156' title='bbox 943 3231 1057 3316; x_wconf 84' lang='lat' dir='ltr'>fateri,</span> 
     </span>
     <span class='ocr_line' id='line_1_23' title="bbox 312 3338 1136 3438; baseline 0.004 -29"><span class='ocrx_word' id='word_1_157' title='bbox 312 3345 381 3409; x_wconf 86' lang='lat' dir='ltr'>Nec</span> <span class='ocrx_word' id='word_1_158' title='bbox 389 3338 461 3435; x_wconf 81' lang='lat' dir='ltr'>jam</span> <span class='ocrx_word' id='word_1_159' title='bbox 474 3341 618 3412; x_wconf 90' lang='lat' dir='ltr'>humore</span> <span class='ocrx_word' id='word_1_160' title='bbox 633 3366 749 3438; x_wconf 77' lang='lat' dir='ltr'>graves</span> <span class='ocrx_word' id='word_1_161' title='bbox 762 3340 880 3411; x_wconf 85' lang='lat' dir='ltr'>tollere</span> <span class='ocrx_word' id='word_1_162' title='bbox 891 3365 992 3436; x_wconf 89' lang='lat' dir='ltr'>posse</span> <span class='ocrx_word' id='word_1_163' title='bbox 1003 3367 1136 3428; x_wconf 81' lang='lat' dir='ltr'>oomas3</span> 
     </span>
    </p>
   </div>
   <div class='ocr_carea' id='block_1_7' title="bbox 221 3561 1272 3950">
    <p class='ocr_par' dir='ltr' id='par_1_8' title="bbox 221 3561 1272 3950">
     <span class='ocr_line' id='line_1_24' title="bbox 257 3561 1270 3636; baseline 0.004 -24"><span class='ocrx_word' id='word_1_164' title='bbox 257 3577 282 3612; x_wconf 66' lang='grc' dir='ltr'>π.</span> <span class='ocrx_word' id='word_1_165' title='bbox 296 3561 411 3628; x_wconf 69' lang='lat' dir='ltr'>Dum,</span> <span class='ocrx_word' id='word_1_166' title='bbox 425 3564 537 3634; x_wconf 65' lang='lat' dir='ltr'>agitare,</span> <span class='ocrx_word' id='word_1_167' title='bbox 547 3565 662 3636; x_wconf 79' lang='lat' dir='ltr'>jactare,</span> <span class='ocrx_word' id='word_1_168' title='bbox 676 3562 725 3618; x_wconf 82' lang='lat' dir='ltr'>las-</span> <span class='ocrx_word' id='word_1_169' title='bbox 769 3582 813 3616; x_wconf 88' lang='lat' dir='ltr'>mo</span> <span class='ocrx_word' id='word_1_170' title='bbox 824 3581 901 3617; x_wconf 76' lang='lat' dir='ltr'>vorsu</span> <span class='ocrx_word' id='word_1_171' title='bbox 909 3564 1077 3618; x_wconf 83' lang='lat' dir='ltr'>Burmannus</span> <span class='ocrx_word' id='word_1_172' title='bbox 1088 3581 1120 3616; x_wconf 86' lang='lat' dir='ltr'>ex</span> <span class='ocrx_word' id='word_1_173' title='bbox 1130 3561 1206 3618; x_wconf 81' lang='lat' dir='ltr'>libris</span> <span class='ocrx_word' id='word_1_174' title='bbox 1215 3579 1270 3616; x_wconf 78' lang='lat' dir='ltr'>non</span> 
     </span>
     <span class='ocr_line' id='line_1_25' title="bbox 221 3641 1100 3718; baseline 0.003 -26"><span class='ocrx_word' id='word_1_175' title='bbox 221 3655 365 3692; x_wconf 74' lang='lat' dir='ltr'>susannam.</span> <span class='ocrx_word' id='word_1_176' title='bbox 376 3641 493 3718; x_wconf 75' lang='lat' dir='ltr'>Verbum</span> <span class='ocrx_word' id='word_1_177' title='bbox 502 3645 599 3697; x_wconf 83' lang='lat' dir='ltr'>scimus</span> <span class='ocrx_word' id='word_1_178' title='bbox 611 3662 668 3698; x_wconf 77' lang='lat' dir='ltr'>ests</span> <span class='ocrx_word' id='word_1_179' title='bbox 677 3643 725 3696; x_wconf 83' lang='lat' dir='ltr'>du·</span> <span class='ocrx_word' id='word_1_180' title='bbox 768 3643 806 3698; x_wconf 78' lang='lat' dir='ltr'>ita</span> <span class='ocrx_word' id='word_1_181' title='bbox 820 3641 916 3694; x_wconf 86' lang='lat' dir='ltr'>bouis:</span> <span class='ocrx_word' id='word_1_182' title='bbox 932 3643 994 3696; x_wconf 81' lang='lat' dir='ltr'>Vidi</span> <span class='ocrx_word' id='word_1_183' title='bbox 1007 3662 1054 3715; x_wconf 70' lang='lat' dir='ltr'>eye</span> <span class='ocrx_word' id='word_1_184' title='bbox 1067 3653 1100 3695; x_wconf 83' lang='lat' dir='ltr'>te.</span> 
     </span>
     <span class='ocr_line' id='line_1_26' title="bbox 222 3717 1270 3792; baseline 0.007 -25"><span class='ocrx_word' id='word_1_185' title='bbox 222 3733 278 3767; x_wconf 77' lang='lat' dir='ltr'>oete</span> <span class='ocrx_word' id='word_1_186' title='bbox 289 3733 319 3768; x_wconf 82' lang='lat' dir='ltr'>ex</span> <span class='ocrx_word' id='word_1_187' title='bbox 331 3719 378 3785; x_wconf 73' lang='lat' dir='ltr'>iis,</span> <span class='ocrx_word' id='word_1_188' title='bbox 390 3737 504 3790; x_wconf 78' lang='lat' dir='ltr'>quorum</span> <span class='ocrx_word' id='word_1_189' title='bbox 518 3739 599 3792; x_wconf 85' lang='lat' dir='ltr'>quam</span> <span class='ocrx_word' id='word_1_190' title='bbox 611 3721 724 3780; x_wconf 79' lang='lat' dir='ltr'>maxime</span> <span class='ocrx_word' id='word_1_191' title='bbox 803 3722 828 3773; x_wconf 84' lang='lat'>³.</span> <span class='ocrx_word' id='word_1_192' title='bbox 837 3723 932 3774; x_wconf 83' lang='lat' dir='ltr'>Fateri.</span> <span class='ocrx_word' id='word_1_193' title='bbox 941 3724 1034 3774; x_wconf 84' lang='lat' dir='ltr'>Mortis</span> <span class='ocrx_word' id='word_1_194' title='bbox 1043 3721 1138 3774; x_wconf 86' lang='lat' dir='ltr'>boram</span> <span class='ocrx_word' id='word_1_195' title='bbox 1145 3717 1270 3792; x_wconf 69' lang='lat' dir='ltr'>preclaro</span> 
     </span>
     <span class='ocr_line' id='line_1_27' title="bbox 223 3795 1272 3869; baseline 0.007 -24"><span class='ocrx_word' id='word_1_196' title='bbox 223 3795 381 3863; x_wconf 69' lang='lat' dir='ltr'>significatio</span> <span class='ocrx_word' id='word_1_197' title='bbox 398 3801 491 3853; x_wconf 84' lang='lat' dir='ltr'>variat.</span> <span class='ocrx_word' id='word_1_198' title='bbox 507 3829 544 3840; x_wconf 84' lang='lat'>-</span> <span class='ocrx_word' id='word_1_199' title='bbox 558 3801 637 3854; x_wconf 82' lang='lat' dir='ltr'>Ionio</span> <span class='ocrx_word' id='word_1_200' title='bbox 651 3818 723 3869; x_wconf 82' lang='lat' dir='ltr'>mre,</span> <span class='ocrx_word' id='word_1_201' title='bbox 767 3797 831 3852; x_wconf 79' lang='lat' dir='ltr'>dicit</span> <span class='ocrx_word' id='word_1_202' title='bbox 845 3802 981 3854; x_wconf 78' lang='lat' dir='ltr'>Romamn</span> <span class='ocrx_word' id='word_1_203' title='bbox 1001 3819 1054 3853; x_wconf 70' lang='lat' dir='ltr'>scs</span> <span class='ocrx_word' id='word_1_204' title='bbox 1065 3810 1184 3852; x_wconf 78' lang='lat' dir='ltr'>moment</span> <span class='ocrx_word' id='word_1_205' title='bbox 1197 3803 1232 3852; x_wconf 78' lang='lat' dir='ltr'>ob</span> <span class='ocrx_word' id='word_1_206' title='bbox 1247 3797 1272 3852; x_wconf 82' lang='lat' dir='ltr'>ie</span> 
     </span>
     <span class='ocr_line' id='line_1_28' title="bbox 222 3872 1269 3950; baseline 0.009 -25"><span class='ocrx_word' id='word_1_207' title='bbox 222 3872 296 3926; x_wconf 84' lang='lat' dir='ltr'>unda</span> <span class='ocrx_word' id='word_1_208' title='bbox 312 3877 401 3944; x_wconf 76' lang='lat' dir='ltr'>lonis,</span> <span class='ocrx_word' id='word_1_209' title='bbox 418 3889 449 3929; x_wconf 78' lang='lat' dir='ltr'>ut</span> <span class='ocrx_word' id='word_1_210' title='bbox 464 3897 504 3932; x_wconf 78' lang='lat' dir='ltr'>tos</span> <span class='ocrx_word' id='word_1_211' title='bbox 528 3880 624 3947; x_wconf 82' lang='lat' dir='ltr'>maris,</span> <span class='ocrx_word' id='word_1_212' title='bbox 643 3881 722 3934; x_wconf 84' lang='lat' dir='ltr'>maris</span> <span class='ocrx_word' id='word_1_213' title='bbox 770 3895 868 3930; x_wconf 74' lang='lat' dir='ltr'>uooeur</span> <span class='ocrx_word' id='word_1_214' title='bbox 891 3895 924 3930; x_wconf 85' lang='lat' dir='ltr'>ne</span> <span class='ocrx_word' id='word_1_215' title='bbox 953 3877 1061 3948; x_wconf 61' lang='lat' dir='ltr'>definite</span> <span class='ocrx_word' id='word_1_216' title='bbox 1089 3875 1150 3950; x_wconf 73' lang='lat' dir='ltr'>plut</span> <span class='ocrx_word' id='word_1_217' title='bbox 1176 3878 1241 3930; x_wconf 73' lang='lat' dir='ltr'>rien·</span> <span class='ocrx_word' id='word_1_218' title='bbox 1256 3901 1269 3926; x_wconf 71' lang='lat' dir='ltr'>a</span> 
     </span>
    </p>
   </div>
   <div class='ocr_carea' id='block_1_8' title="bbox 222 3950 1271 4109">
    <p class='ocr_par' dir='ltr' id='par_1_9' title="bbox 222 3950 1271 4109">
     <span class='ocr_line' id='line_1_29' title="bbox 222 3950 1271 4028; baseline 0.005 -24"><span class='ocrx_word' id='word_1_219' title='bbox 222 3950 313 4020; x_wconf 88' lang='lat' dir='ltr'>unda,</span> <span class='ocrx_word' id='word_1_220' title='bbox 337 3954 448 4008; x_wconf 73' lang='lat' dir='ltr'>Ovidius</span> <span class='ocrx_word' id='word_1_221' title='bbox 475 3959 531 4010; x_wconf 77' lang='lat' dir='ltr'>Art.</span> <span class='ocrx_word' id='word_1_222' title='bbox 557 3961 644 4012; x_wconf 81' lang='lat' dir='ltr'>Amat.</span> <span class='ocrx_word' id='word_1_223' title='bbox 665 3961 720 4025; x_wconf 84' lang='lat'><em>111,</em></span> <span class='ocrx_word' id='word_1_224' title='bbox 766 3955 912 4026; x_wconf 66' lang='lat' dir='ltr'>(Nouatile</span> <span class='ocrx_word' id='word_1_225' title='bbox 931 3955 1056 4024; x_wconf 71' lang='lat' dir='ltr'>Hdloi&#39;se,</span> <span class='ocrx_word' id='word_1_226' title='bbox 1080 3957 1185 4012; x_wconf 70' lang='lat' dir='ltr'>statem</span> <span class='ocrx_word' id='word_1_227' title='bbox 1201 3967 1271 4028; x_wconf 77' lang='lat' dir='ltr'>pert.</span> 
     </span>
     <span class='ocr_line' id='line_1_30' title="bbox 222 4029 959 4109; baseline 0.011 -25"><span class='ocrx_word' id='word_1_228' title='bbox 222 4029 291 4102; x_wconf 78' lang='lat'><strong>690,</strong></span> <span class='ocrx_word' id='word_1_229' title='bbox 308 4033 453 4086; x_wconf 77' lang='lat' dir='ltr'>etbletam.</span> <span class='ocrx_word' id='word_1_230' title='bbox 470 4034 648 4103; x_wconf 69' lang='lat' dir='ltr'>x11‚4ro.1n</span> <span class='ocrx_word' id='word_1_231' title='bbox 664 4037 720 4109; x_wconf 81' lang='lat' dir='ltr'>pti·</span> <span class='ocrx_word' id='word_1_232' title='bbox 767 4035 840 4092; x_wconf 79' lang='lat' dir='ltr'>lettre</span> <span class='ocrx_word' id='word_1_233' title='bbox 857 4035 915 4107; x_wconf 83' lang='lat'>12.)</span> <span class='ocrx_word' id='word_1_234' title='bbox 953 4095 959 4104; x_wconf 71' lang='grc'>,</span> 
     </span>
    </p>
   </div>
   <div class='ocr_carea' id='block_1_9' title="bbox 0 0 1570 4756">
    <p class='ocr_par' dir='ltr' id='par_1_10' title="bbox 0 0 1570 4756">
     <span class='ocr_line' id='line_1_31' title="bbox 0 0 1570 4756; baseline 0 0"><span class='ocrx_word' id='word_1_235' title='bbox 0 0 1570 4756; x_wconf 95' lang='lat' dir='ltr'> </span> 
     </span>
    </p>
   </div>
  </div>
 </body>
</html>
