3116 4756
308 355 1358 404 mm

597 493 846 642 niueis
875 543 1068 636 xx111.

432 768 492 833 DE
515 763 678 832 CASTls
700 761 762 828 ET
788 760 1009 828 PUBLICIS
1032 758 1244 828 FEMINIS.

781 991 888 1008 β

718 1159 944 1197 ΔΙΙῦΌΠΠῦΙ.

350 1270 468 1331 Amoris
481 1269 602 1334 honesti
615 1265 762 1327 liberatus
772 1265 864 1348 jugo,
876 1287 907 1326 se
918 1285 1003 1325 nuuc
1016 1263 1209 1345 voluptutem
1220 1283 1306 1323 sunm
1320 1283 1356 1324 ex

310 1368 426 1430 infimis
449 1369 525 1428 locis
549 1361 743 1426 commodius
764 1363 894 1424 trahere.
918 1361 1030 1446 Ecquis
1052 1359 1173 1422 labores
1195 1375 1224 1422 et
1249 1362 1356 1424 acerbo

311 1465 433 1540 omnia,
452 1485 522 1548 quae
543 1483 601 1532 nos
621 1475 771 1522 amatores
788 1462 871 1520 circs
891 1471 1023 1540 nuptam
1041 1471 1185 1534 manent,
1203 1460 1355 1520 constanti

309 1563 414 1622 animo
429 1562 574 1620 sustineat
587 1557 672 1640 peti?
684 1557 751 1630 Me,
771 1557 890 1646 inquit,
905 1575 1002 1638 quum
1017 1553 1108 1627 libet,
1123 1574 1187 1614 unu
1202 1553 1354 1616 demedio

309 1659 424 1740 quaeris
440 1671 544 1740 parata
565 1655 666 1737 capiat
683 1677 691 1714 s
707 1655 771 1714 iilic
790 1649 875 1736 quod
894 1651 990 1729 dabo,
1008 1651 1065 1712 erit
1083 1649 1219 1712 multum
1235 1653 1355 1729 minus3

309 1756 372 1817 illic
383 1756 422 1817 de
434 1757 547 1818 marito
559 1757 655 1816 timor
668 1753 791 1830 nuilus,
806 1753 839 1813 di
854 1753 948 1814 boni!
1061 1819 1067 1830 ,

317 2263 320 2268 -
354 2213 417 2278 Cui
431 2211 495 2279 fuit
505 2211 631 2280 indocti
643 2209 800 2305 fugiende
813 2226 847 2277 et
861 2211 977 2278 semita
988 2207 1096 2301 vulgi,

400 2327 415 2389 1
417 2319 477 2415 ps'u
490 2327 593 2418 petita
604 2323 682 2393 lacu
693 2347 785 2392 nunc
794 2321 877 2392 mihi
890 2320 999 2390 duleis
1010 2343 1098 2414 uqua
1113 2333 1174 2386 est.

346 2543 368 2577 r.
382 2525 506 2597 Gaison,
517 2539 568 2578 etc.
579 2525 689 2579 Sensum
699 2545 752 2579 nou
765 2527 807 2578 in·
853 2526 925 2576 ciens
937 2519 1048 2574 consiiio
1067 2538 1115 2573 suo
1132 2515 1293 2592 (jungendis
1310 2517 1353 2571 hic

307 2616 408 2675 tegrum
439 2606 487 2654 riri
515 2601 587 2655 docti
609 2605 744 2675 prioribus
766 2603 808 2658 his
852 2605 996 2676 superioris
1020 2601 1109 2672 elegire
1133 2613 1249 2672 quatuor
1270 2612 1356 2652 extre·

308 2683 450 2734 restituunt
472 2679 612 2734 scribendo
629 2703 636 2734 t
659 2704 671 2728 n
686 2684 736 2735 Cui
758 2685 809 2734 fuit
852 2687 900 2738 mis
913 2681 1051 2749 distichis)
1065 2703 1071 2734 :
1086 2681 1152 2750 Quis
1164 2683 1220 2752 jum
1234 2679 1354 2746 dubitet,

308 2761 411 2812 indocto
422 2759 545 2830 fugienda
557 2761 610 2812 hoec
622 2764 713 2814 semita
724 2761 807 2832 vulgi,
851 2765 957 2836 inquit,
976 2763 1039 2836 quio
1059 2774 1120 2813 unte
1140 2760 1212 2814 hunc
1232 2779 1353 2827 versum,

307 2839 365 2910 lpse
382 2841 465 2911 petita
483 2840 544 2892 lecu
562 2859 634 2894 nuno
648 2840 712 2893 mihi
722 2840 808 2894 duieis
853 2861 931 2915 quern
952 2843 1044 2913 scripti
1065 2859 1157 2893 omnes
1176 2841 1317 2894 interstitio
1339 2856 1355 2891 s

308 2932 376 2986 equs
395 2928 472 2980 est5·
490 2913 625 2986 (seilicet,
642 2920 680 2970 uti
697 2917 807 2972 solunte
852 2919 986 2992 prioribus
996 2933 1135 2992 separant,
1148 2920 1228 2990 pauci
1235 2916 1355 2970 versiculi

307 2994 377 3064 Ego,
394 2996 439 3065 qui
453 2995 601 3065 quondum,
616 2997 736 3049 nondum
746 2997 809 3050 cdo·
850 3001 1011 3064 interierint,
1024 2997 1163 3072 quibus-se
1175 3014 1281 3068 quoque
1291 2994 1354 3047 oiim

307 3073 454 3139 nossetis,
470 3072 590 3144 vulgares
605 3093 709 3128 umores
719 3075 808 3148 fugis·
854 3079 880 3128 iu
897 3077 941 3129 iiie
957 3077 1074 3130 factione
1090 3076 1172 3136 fuisse
1187 3073 1353 3144 significare·

307 3149 381 3217 hum,
388 3154 445 3222 jam
459 3152 566 3205 eosdem
578 3154 698 3209 studiose
710 3171 735 3209 et
748 3175 808 3208 cum
854 3161 910 3212 ret?
923 3157 1084 3211 Revocemus
1096 3157 1177 3225 igitur
1189 3155 1278 3225 potius
1289 3155 1354 3206 scri·

307 3231 443 3304 voluptate
460 3235 577 3306 sector.)
598 3237 626 3287 iu
647 3235 742 3308 quibus
762 3237 810 3289 Be·
852 3252 960 3311 ptorum
973 3255 1053 3290 manu
1065 3235 1194 3287 Codicum
1207 3233 1352 3286 lectioness

307 3307 391 3361 rosidi
401 3325 427 3363 et
440 3311 529 3363 Volsci
540 3311 595 3364 haec
605 3315 712 3380 semita,
726 3311 809 3367 scatt-
856 3339 868 3362 ι
955 3316 1006 3367 Cui
1017 3313 1068 3365 fuit
1080 3311 1180 3363 indocti
1190 3309 1317 3382 fugiende
1327 3321 1355 3363 et

306 3392 362 3460 geri
370 3390 473 3444 indocto
484 3393 656 3445 mutationem
665 3392 810 3446 esseLech-
853 3397 945 3452 semite
955 3393 1041 3462 vulgi,
1054 3393 1114 3464 ipss
1124 3393 1204 3462 petits
1214 3388 1273 3442 lecu
1282 3403 1353 3444 nuuc

307 3487 418 3524 manuus
426 3463 608 3537 observsthed
616 3475 693 3526 nesic
702 3471 807 3544 quidem
853 3472 916 3526 mihi
929 3471 1012 3525 dulcis
1028 3489 1095 3545 sque
1116 3483 1185 3524 est.»
1204 3500 1239 3510 —
1252 3471 1298 3525 His
1316 3473 1354 3526 ite

307 3549 371 3600 sutis
392 3563 516 3602 constare
539 3565 622 3603 utrum
648 3553 716 3603 rium
737 3551 808 3604 dicut
852 3549 1118 3622 constitutis‚supple
1126 3562 1186 3621 post
1194 3551 1354 3624 quinquege-

307 3629 458 3699 Propertius
484 3631 600 3683 semitam
622 3629 713 3704 vulqi,
734 3631 807 3701 prio·
851 3633 945 3684 simum
964 3627 1162 3682 antecedentem
1177 3647 1280 3681 versum
1297 3649 1353 3702 ques

306 3723 397 3759 remus
412 3707 483 3759 iilum
499 3707 633 3778 (amorem
649 3711 676 3760 io
696 3709 806 3763 feminus
851 3709 961 3776 desunt,
976 3721 1002 3761 et
1019 3709 1183 3780 insequentis
1196 3721 1285 3761 nostre
1297 3709 1352 3762 huc

308 3787 364 3837 vitre
379 3785 568 3858 honestioris),
586 3805 619 3838 an
638 3785 708 3840 hunc
727 3806 806 3860 quum
851 3786 1055 3860 spertodemum
1065 3805 1143 3840 sensu
1152 3787 1238 3860 posits
1247 3790 1351 3859 accipet
1374 3799 1379 3816 ·

306 3877 432 3934 sequatur
446 3861 556 3934 (scortis
574 3877 599 3917 et
610 3865 747 3918 vilioribus
758 3865 807 3918 de·
837 3897 842 3906 ·
853 3889 865 3914 ι
875 3869 912 3918 Eu
923 3885 986 3936 ego,
997 3869 1042 3938 qui
1052 3885 1168 3919 eruorem
1177 3868 1204 3919 in
1212 3870 1289 3920 castis
1299 3866 1352 3920 huc

306 3939 398 4013 ditus).
412 3943 550 3996 Rationem
566 3945 647 4014 igitur
660 3961 756 3996 uorem
775 3963 805 3998 ex
849 3963 935 4016 usque
949 3945 1099 4016 Propertius
1112 3947 1205 4017 posui,
1221 3963 1299 4019 quem
1311 3947 1352 3998 io-

307 4018 370 4091 ipsis
383 4021 416 4073 iis
431 4023 540 4094 petitum
558 4023 598 4074 vir
614 4020 708 4076 doctus
723 4022 807 4093 subji·
851 4036 920 4078 trsre
936 4037 989 4100 tuum
999 4023 1045 4078 diu
1061 4024 1158 4099 puduit
1168 4023 1269 4076 indocti
1280 4023 1351 4094 vulgi
