3122 4756
307 420 370 504 ιιι
601 388 866 466 rnorasmr
889 383 981 450 use.
1005 380 1053 444 ιι.

348 541 506 635 Bellaque
517 533 639 625 resque
650 524 701 592 tui
713 535 936 590 memorarem
946 505 1104 585 Caessris,
1118 517 1152 568 et
1164 516 1201 566 tn

394 657 525 721 Caesare
539 640 603 712 sub
615 656 739 728 magno
752 651 834 699 cura
848 618 997 692 secunda
1006 616 1107 682 fores.

349 771 434 836 Nam
446 759 576 858 quoties
587 749 771 825 Mutinam,
783 753 857 820 sut,
871 731 980 802 civilia
990 713 1106 808 busta,
1120 718 1308 810 Philippos,

396 883 464 944 Aut
477 888 633 960 canerem
644 855 763 930 siculae
775 848 915 918 classica
924 839 1012 910 bella
1025 837 1134 960 ingre,

350 996 561 1078 Eversosque
576 977 669 1045 focos
683 968 830 1059 entiquae
843 957 950 1052 gentis
965 958 992 1020 E
1087 971 1137 1028 ae,

397 1105 439 1167 Et
450 1092 658 1164 Ptolemaeeae
669 1081 768 1150 litora
780 1085 878 1164 capta
890 1066 989 1134 Phari
1000 1043 1045 1178 }

1320 502 1352 554 25

1324 1057 1359 1110 30

352 1219 419 1281 dut
429 1225 549 1278 canere
558 1201 742 1290 inciperem
753 1203 788 1256 et
797 1181 929 1262 Nilum,
941 1197 1048 1272 quum
1057 1184 1183 1239 tractus
1194 1165 1230 1231 in
1238 1159 1358 1230 urbem

305 1341 426 1396 Postulat
441 1335 527 1389 oratio
546 1309 739 1384 Cimbrorumue
757 1315 810 1370 mi·
857 1312 936 1382 Troja
945 1319 1082 1360 commune
1090 1268 1238 1370 sepulcretis
1247 1291 1362 1360 Europes

307 1442 361 1476 nos.
375 1418 562 1474 Lachmannus
577 1405 700 1462 correxit.
856 1391 976 1460 Asioeque
989 1382 1061 1456 opud
1073 1375 1171 1432 Catuli.
1185 1375 1212 1426 in
1222 1371 1293 1423 notis
1307 1367 1361 1418 illic

343 1501 385 1556 25.
409 1497 460 1552 rui
482 1491 593 1548 cesaris.
610 1487 729 1539 Positum
749 1494 813 1549 pro·
857 1472 975 1521 citatum.
994 1492 1030 1504 -
1048 1457 1158 1514 Classica
1177 1451 1246 1505 bello
1266 1446 1363 1502 Siculoe

307 1601 406 1636 nomen
419 1579 481 1646 hic,
493 1588 523 1627 ιιι
535 1571 601 1641 eleg.
618 1582 666 1631 ιο,
679 1564 711 1631 4,
725 1572 752 1612 ot
763 1559 812 1620 lV,
851 1549 945 1622 suqoe,
959 1547 986 1597 in
997 1540 1084 1596 Siculo
1098 1535 1164 1588 mari
1176 1533 1308 1585 devictum
1321 1528 1363 1578 iu·

312 1681 340 1728 ι,
353 1661 404 1729 46,
421 1658 463 1710 cui
478 1651 584 1726 pietatis
595 1649 664 1699 inest
678 1656 704 1696 et
716 1635 813 1692 umoris
857 1641 1002 1700 gestumque
1013 1675 1015 1681 λ
1026 1621 1132 1674 Sextum
1151 1611 1308 1682 Pompeium
1329 1605 1363 1658 ab

308 1738 473 1812 significatio.
484 1761 520 1772 —
531 1733 627 1784 Coesare
636 1723 682 1776 sub
699 1733 813 1789 macno,
858 1711 988 1779 Augusto.
1001 1697 1163 1771 Bellasuqoe.
1174 1690 1241 1744 Vide
1251 1689 1286 1742 ad
1296 1687 1361 1756 eleg.

310 1831 372 1892 post
391 1830 518 1886 magnum
541 1809 685 1870 (κιαι-ειη,
703 1815 766 1860 curo
787 1805 815 1847 tu
863 1784 1128 1855 10,23.-Eversos
1145 1768 1364 1842 Etruriaesocos,

309 1917 368 1952 mea
388 1891 501 1948 secunda
517 1887 606 1960 fores,
631 1889 815 1951 argumentum
859 1847 1366 1924 Perusieeexcidium.-Litora1³lrari

311 1965 536 2039 alterum,'sltera
552 1979 582 2018 tu
595 1977 676 2014 cansa
689 1952 815 2008 carmini·
859 1959 952 2022 capta,
971 1943 1107 1997 obsessam
1128 1947 1288 2009 captamque
1305 1925 1365 1980 Ale·

311 2057 361 2110 bus
371 2055 448 2107 meis.
860 2027 1014 2092 andriam,
1029 2035 1173 2094 postquam
1182 2015 1293 2088 ¹uicisset
1308 2009 1366 2060 Διι-

349 2155 390 2208 ²7·
410 2135 481 2186 Nam
495 2127 611 2203 quoties,
625 2135 676 2175 eto.
692 2115 774 2170 Nulla
786 2111 817 2165 li·
861 2122 952 2179 gustus
970 2102 1004 2156 ad
1023 2103 1139 2153 Actium.
1158 2091 1247 2147 insula
1263 2089 1366 2143 Pham

312 2207 618 2269 braribrumenuntinm
631 2199 721 2252 habita
735 2193 818 2246 ratio·
862 2201 918 2252 est,
934 2188 1028 2256 juncte
1043 2179 1106 2233 olim
1126 2191 1221 2248 aggere
1240 2184 1266 2224 et
1283 2180 1367 2242 ponte

313 2313 362 2361 ne,
374 2291 460 2346 scribe
473 2305 504 2341 ex
518 2282 633 2337 historiae
644 2275 714 2327 lide:
728 2271 818 2322 sNam
862 2286 922 2320 cum
942 2259 1112 2316 Alexandria.
1133 2253 1309 2315 Ptolemoeea,
1333 2245 1368 2298 ab

312 2374 416 2447 quoties
427 2369 574 2428 Mutinam,
589 2369 652 2423 aut,
668 2350 753 2406 civilis
768 2347 820 2400 bu·-
863 2345 968 2416 AEgypti
982 2338 1088 2409 regibus
1103 2330 1256 2386 Ptolemais.
1268 2357 1304 2368 -
1313 2323 1369 2376 Aut

314 2467 370 2518 sta,
388 2446 544 2518 Philippus,
563 2441 619 2489 Aut
639 2445 761 2484 canerem
779 2423 820 2476 si-
864 2443 956 2478 cam
975 2419 1115 2490 inciperem
1136 2423 1162 2464 er
1180 2409 1285 2464 Nilum,
1306 2401 1368 2456 pul.

314 2531 380 2584 culce
387 2517 663 2584 clnssiesbellafnffi
675 2511 821 2560 Eversosve
864 2503 929 2556 chre
941 2511 968 2554 et
982 2497 1039 2549 hnc
1056 2492 1257 2558 certissimaque
1276 2501 1369 2536 emen·

314 2611 391 2662 iocos
401 2605 517 2674 antiquas
527 2597 612 2668 gentis
623 2593 754 2650 Etrusca,
767 2582 822 2635 Aut
865 2581 938 2633 datio
956 2571 1136 2636 Lachmanni,
1154 2584 1234 2639 quem
1254 2562 1289 2616 de
1307 2560 1369 2613 loco

314 2686 475 2739 Ptolemaeeae
485 2663 756 2743 litorscaptuPliuri:
767 2662 821 2713 Aut
865 2659 1037 2712 disserentem
1053 2653 1140 2722 ipsum
1153 2644 1215 2698 sudi
1232 2665 1239 2694 ι
1257 2639 1370 2695 Codices

315 2781 409 2818 canere
424 2759 569 2829 inciperem
581 2764 608 2802 et
622 2745 722 2809 Nilum,
738 2759 820 2813 quum
866 2739 977 2811 optimi,
998 2731 1187 2802 Groningsuus
1209 2741 1270 2776 cum
1294 2719 1371 2788 aliis,

315 2856 416 2896 tractus
430 2841 458 2889 in
472 2833 567 2886 urbem
583 2829 691 2898 Septem
709 2821 821 2891 captivis
866 2819 1048 2872 Autcanerem
1062 2812 1178 2882 Cyprum
1187 2815 1213 2860 et
1220 2801 1314 2857 Nilum
1324 2799 1372 2852 hs-

315 2919 411 2975 debilis
430 2917 486 2968 ibat
506 2911 597 2984 aquis,
614 2905 651 2957 Et
662 2919 755 2972 regum
774 2917 823 2950 au·
865 2900 950 2967 beet,
974 2891 1168 2968 Neapolitanos
1194 2887 1316 2957 Cyptum.
1341 2879 1370 2932 ld

317 3003 381 3055 ratis
407 2992 573 3050 circumdata
603 2983 672 3040 eolla
702 2981 823 3047 catenis,
869 2997 951 3051 quum
973 2973 1090 3027 hieroriae
1113 2985 1169 3020 non
1193 2961 1372 3020 conveniret,

316 3081 447 3150 Actiaque
468 3077 496 3125 in
515 3071 595 3123 Sacra
613 3079 720 3116 currere
736 3071 823 3112 rostra
868 3061 1013 3134 AEqyprum
1021 3039 1372 3127 primiediroreesubrrirne-

316 3163 375 3222 ris;
387 3172 438 3212 etc.
450 3178 461 3202 ι
475 3154 568 3204 Priora
578 3145 611 3199 sd
622 3161 663 3196 res
672 3154 773 3214 gestas,
782 3137 824 3191 ul·
868 3153 932 3191 runt
953 3135 1030 3206 (Aut
1045 3145 1163 3184 canerem
1182 3123 1328 3193 AEqyptum
1346 3125 1372 3166 et

318 3235 426 3292 timaad
438 3227 602 3302 triumphum
615 3223 757 3296 pertinent.
768 3221 824 3272 Ne·
869 3217 982 3280 Nilum,
1005 3209 1091 3280 etc),
1107 3199 1303 3278 probantibus,
1324 3193 1371 3265 qui

320 3337 371 3392 qne
396 3319 423 3368 in
446 3307 603 3380 hujusmodi
627 3302 825 3356 enumeratione
869 3277 1371 3368 posthachunepoetamndtigerunt,

318 3395 482 3468 negligentia
494 3390 570 3442 locus
583 3399 631 3438 est.
646 3385 706 3435 lino
724 3381 824 3450 optime
870 3373 1004 3428 omnibus.
1019 3365 1071 3420 Sed
1088 3381 1142 3436 quo
1160 3355 1267 3412 tandem
1286 3351 1372 3405 consi·

318 3465 718 3529 Lachmanuus.-Mutinam,
731 3455 758 3510 id
772 3451 843 3521 est,
870 3453 907 3506 lio
931 3451 1076 3523 AE'qyptum
1096 3447 1305 3498 commemoret,
1327 3433 1374 3502 qui

319 3556 459 3608 liberatum
483 3548 518 3602 ab
540 3547 662 3615 Augusto
687 3538 826 3590 Decimum
868 3535 923 3605 jam
942 3529 1044 3580 dixerat
1062 3535 1140 3575 antea
1159 3515 1322 3569 Ptolemoeeoe
1339 3511 1374 3564 li-

320 3638 448 3698 Brutum,
468 3646 546 3702 qrtem
565 3621 673 3678 tenebat
693 3613 825 3668 Antonius
872 3625 928 3666 tora
938 3621 1014 3682 captu
1027 3603 1129 3657 Phari?
1141 3597 1231 3669 Quid,
1243 3591 1319 3667 quod
1329 3592 1373 3646 hic

320 3715 455 3768 obsessum
466 3693 825 3768 Mcdnae.-Pbilippos;in
871 3691 905 3743 de
926 3689 1005 3741 rebus
1028 3683 1109 3756 gestis
1128 3681 1154 3732 in
1176 3678 1290 3748 AEfflpto
1308 3669 1374 3742 (lues

321 3790 501 3846 celeberrimis
512 3783 609 3858 quibus
616 3777 717 3848 campis
729 3773 826 3824 obruta
871 3773 941 3824 enim
954 3764 1065 3844 AEqypti
1078 3779 1177 3814 nornen
1191 3760 1228 3810 sie
1242 3753 1313 3808 nude
1326 3769 1376 3824 po·

320 3891 382 3926 cum
396 3873 478 3922 Bruto
497 3863 642 3932 Cassioque
660 3858 778 3907 Romana
794 3849 826 3902 li·
871 3855 951 3908 citum
965 3844 1112 3917 indicabit)
1124 3859 1178 3894 non
1194 3836 1309 3910 amplius
1319 3835 1375 3906 rigi·

322 3953 409 4006 bertas
422 3962 470 4004 est.
481 3943 577 4001 civilia
590 3943 662 3994 busta
676 3937 741 3989 dicit
755 3953 825 3986 carn·
870 3947 935 3998 tur,
956 3927 1002 3982 sed
1032 3925 1066 3978 de
1093 3920 1190 3995 triplici
1218 3913 1375 3988 triumpho,

321 4051 372 4105 pos
385 4031 466 4094 istos,
479 4045 533 4099 quo
547 4021 628 4075 modo
638 4017 764 4072 Perusino
775 4035 825 4088 pn·
871 4008 1011 4081 AEflyptio,
1024 4001 1146 4077 illyrico,
1162 3998 1288 4051 Actiacos
1305 3991 1376 4044 «Ni-

322 4114 378 4166 tn'oe
401 4107 519 4182 sepulcra
540 4115 615 4155 erant
635 4101 660 4163 1,
682 4115 733 4163 aa,
753 4096 825 4163 3,e1
872 4091 944 4154 lum,
965 4104 1046 4158 quum
1061 4095 1163 4136 tructus
1177 4082 1203 4132 in
1222 4074 1374 4128 urbem...
