3134 4758
624 530 894 628 CARMEN
926 535 1010 682 ll·

621 731 809 822 sencio
833 734 1023 802 ACTIUS.

772 951 883 970 *-

351 1051 471 1172 Sectis
485 1105 565 1173 facit
577 1123 687 1190 vetes3
701 1110 769 1175 sint
780 1132 839 1176 ora
850 1107 994 1182 inventio
1008 1113 1129 1194 sacris,

393 1221 435 1282 Et
446 1215 543 1284 cadat
553 1234 630 1288 aute
641 1241 734 1286 meos
745 1216 964 1311 ictajuvence
974 1217 1077 1288 focos.

347 1331 430 1394 Cera
441 1325 607 1394 Philetaeis
622 1343 726 1395 certet
739 1334 889 1396 Romana
901 1327 1086 1421 corymbis,
1126 1402 1129 1410 ,

374 1479 377 1484 -
394 1440 437 1503 Et
446 1439 623 1530 Cyrenaeas
637 1460 722 1504 urna
734 1439 903 1506 ministret
913 1462 1030 1532 equas.

347 1549 485 1614 Costum
496 1544 597 1612 molle
609 1545 685 1612 date
697 1561 730 1612 et
744 1545 859 1614 blandi
869 1545 953 1614 mihi
964 1551 1048 1614 turis
1060 1547 1224 1630 honores,
1332 1562 1349 1614 5

394 1659 529 1750 Terque
541 1655 656 1724 focum
667 1659 754 1724 circe
766 1655 885 1724 laneus
897 1659 988 1727 orbis
1001 1675 1064 1726 eet.

349 1767 498 1858 Spargite
511 1789 566 1833 me
578 1765 743 1858 lymphis,
758 1791 962 1862 carmenque
976 1766 1166 1836 recentibus
1181 1773 1246 1837 eris

395 1873 493 1940 Tibia
506 1870 697 1968 Mygdoniis
709 1873 791 1944 libet
802 1875 929 1944 eburna
943 1875 1052 1944 Cedis.

350 1989 398 2052 lte
407 1983 527 2077 procul
539 1983 673 2053 fraudes
683 2012 692 2071 ;
704 1985 770 2054 alio
785 1989 852 2055 sint
862 2009 939 2055 aere
952 2010 1066 2055 noxae:

342 2175 364 2211 t.
384 2157 463 2211 Sacra
480 2159 552 2230 facit
573 2171 647 2212 vater.
672 2159 803 2231 Scriptum
850 2161 1081 2234 Cyrenaeasuqnas.
1094 2157 1197 2229 Duplex
1212 2159 1238 2209 in
1253 2157 1351 2212 bisco-

302 2257 408 2292 carmen
430 2251 541 2291 exeunte
565 2257 635 2290 enno
659 2239 710 2309 738
726 2239 805 2308 (vide
849 2238 950 2292 cebulis
964 2241 1038 2291 notio
1058 2237 1203 2292 sacerdotis
1217 2252 1242 2292 et
1255 2253 1348 2310 poete.

302 2319 433 2390 Propertii
463 2319 550 2372 Vitem
577 2319 738 2390 chronolog.
771 2319 805 2372 etl
849 2315 965 2372 Pertinet
974 2339 1042 2392 aqna
1056 2317 1090 2372 ad
1105 2317 1350 2388 sacrum(lustrelis

304 2399 391 2470 739),
405 2399 432 2449 in
443 2415 540 2470 pompe
556 2399 745 2471 quinquennali
760 2417 805 2450 en·
850 2395 952 2467 nque),
970 2396 1041 2450 unde
1053 2413 1113 2447 mox
1132 2412 1208 2446 versu
1222 2413 1254 2465 7,
1268 2396 1350 2466 Spar-

303 2477 550 2547 nirersariepugne
566 2480 686 2529 Actiecre.
702 2479 805 2530 Vicerat
847 2477 903 2548 pite
927 2493 969 2526 me
989 2474 1122 2546 lymphis,·
1145 2487 1200 2525 tum
1225 2475 1352 2544 Cyrenoeoe

303 2557 438 2626 Augustae
448 2555 481 2606 ad
496 2555 601 2608 Actium
612 2554 673 2612 a0d.
686 2557 721 2632 lY
734 2557 804 2606 Non.
850 2569 924 2623 oqure
934 2568 995 2606 sunt
1006 2552 1158 2606 Callimachi
1167 2553 1281 2624 Cyrenaei
1295 2551 1350 2622 (vi-

303 2635 375 2706 Sept.
388 2655 449 2687 nnn.
461 2635 526 2704 723,
541 2633 689 2706 Apollinis,
705 2648 736 2686 ut
749 2635 806 2706 ipse
851 2630 884 2683 de
899 2636 936 2698 ll,
952 2633 1060 2703 1,,40),
1075 2632 1192 2699 bacen,
1206 2645 1275 2685 note
1287 2632 1351 2685 olim

302 2714 478 2788 predicebat,
506 2715 632 2787 singulari
658 2714 749 2768 tutele.
770 2745 806 2756 -
851 2709 1012 2762 Callimacho
1024 2711 1098 2780 (vide
1110 2713 1159 2777 ill,
1175 2727 1202 2776 ι,
1216 2711 1257 2783 6).

303 2796 391 2847 Socra.
404 2793 470 2846 Vide
486 2795 524 2858 ll,
544 2773 593 2859 roi
610 2793 651 2858 erl.
664 2821 700 2834 -·-
714 2793 806 2860 Vates,
885 2791 911 2842 6.
927 2791 1027 2844 Laneus
1039 2793 1118 2857 orbis,
1137 2793 1201 2844 vitta
1219 2791 1308 2858 lenes,
1322 2805 1351 2843 ut

302 2884 376 2925 vetes
397 2889 446 2942 ego
461 2869 622 2942 Propertius.
638 2901 675 2914 ·-·
688 2871 749 2925 Sint
760 2888 807 2923 ora
850 2870 944 2936 111‚6‚
957 2869 999 2922 30.

298 2951 422 3022 faventia
440 2951 525 3001 sacris.
545 2951 580 3000 Ut
598 2949 690 3002 Favete
710 2947 807 3023 linquit
886 2951 910 3004 8.
921 2951 1259 3023 Tibiuelurna.l!yquoniis
1266 2949 1351 3014 Curiis,

304 3027 635 3102 apudlloret.Cerm.lll,
655 3047 684 3096 1,
700 3045 728 3092 s;
747 3047 805 3100 quse
849 3027 948 3080 eburna
972 3028 1093 3102 Phrygis.
1117 3029 1193 3081 Tibia
1215 3027 1303 3094 Cedis,
1322 3041 1352 3080 ut

303 3108 428 3162 solemnis
438 3109 614 3162 erstinsscris
626 3106 740 3180 publicis
750 3111 805 3160 lor-
849 3106 917 3178 lapis
927 3109 996 3160 Paro
1015 3107 1055 3158 vel
1069 3109 1149 3159 Pario
1165 3108 1239 3172 urbe,
1253 3108 1302 3173 lll,
1316 3125 1351 3176 9,

304 3186 392 3253 mule,
410 3205 444 3238 ne
458 3185 550 3258 volgus
566 3185 654 3259 alique
666 3206 731 3241 voce
742 3187 805 3240 meli
852 3189 892 3241 16.
908 3189 1048 3260 Mypdonit‘
1063 3187 1145 3255 Credi,
1167 3206 1231 3259 gens
1247 3201 1272 3240 et
1286 3187 1351 3240 urbs

303 3262 707 3331 ominisrerndivinsmledsret,
715 3285 805 3338 porto,
849 3267 997 3338 Mygdonius
1020 3266 1092 3338 apud
1120 3265 1277 3319 Strabonem
1303 3265 1349 3318 lib.

303 3340 805 3413 ntreligioseprestarentomnessilen-
849 3345 913 3412 llll,
929 3345 980 3396 boc
995 3359 1032 3397 est
1042 3385 1050 3412 ‚
1061 3345 1193 3416 Phrygio,
1208 3362 1287 3416 quem
1303 3361 1351 3397 sn·

302 3427 377 3479 tium.
388 3423 481 3476 Favete
489 3423 682 3496 linquisiqitur‚
694 3421 746 3474 boc
756 3437 805 3490 est,
850 3425 924 3494 tiquo
936 3422 1118 3476 tero'l'hrsces
1132 3423 1278 3496 Mygdoncs
1290 3441 1351 3493 psr·

226 3567 230 3576 ,
302 3502 804 3568 Silere-Foco.vtd0111,13‚42.
850 3504 896 3553 tirn
914 3517 1079 3573 occuparunt
1095 3501 1170 3572 (vide
1186 3505 1300 3572 interpp.
1317 3500 1351 3552 ecl

339 3583 364 3637 3.
379 3585 442 3636 Cera
453 3585 572 3636 Iloma'ne
585 3579 806 3636 certetPlriletoeis
850 3581 942 3633 lloret.
955 3584 1042 3634 Germ.
1053 3583 1091 3648 tt,
1109 3597 1154 3646 ια,
1172 3597 1203 3634 22
1213 3581 1231 3653 ).
1241 3609 1276 3620 -
1287 3581 1351 3632 car-

303 3663 431 3734 corymbis
436 3685 446 3724 ,·
464 3661 492 3713 id
506 3675 561 3728 est,
582 3681 642 3714 cum
654 3659 755 3714 Plrilets
771 3657 804 3712 de
849 3679 910 3714 meo
923 3661 985 3714 libet
999 3662 1070 3714 tibia.
1082 3661 1186 3726 bibare,
1200 3660 1313 3713 fundere
1322 3661 1350 3712 in

303 3760 403 3795 corona
425 3757 518 3814 poete.
544 3743 633 3793 Geram
659 3741 805 3793 Romanum
848 3740 977 3794 bonorem
987 3741 1029 3793 dei
1036 3782 1045 3808 ‚
1059 3741 1130 3814 quod
1140 3739 1307 3812 intelligimus
1317 3739 1351 3792 de

302 3823 420 3896 intellige
434 3827 583 3876 Romanum
597 3823 748 3893 ingenium,
762 3819 805 3874 vel
849 3823 963 3874 concine
977 3821 1037 3874 dae
1049 3818 1092 3873 vel
1104 3821 1186 3873 edere.
1199 3819 1351 3872 citanto-

301 3904 386 3974 megie
400 3903 507 3974 proprie
517 3899 645 3968 tabellas,
663 3903 691 3952 in
708 3901 804 3973 quibus
849 3901 1103 3967 namucensem,
1118 3901 1179 3953 sttv.
1199 3901 1243 3965 lv,
1258 3900 1290 3964 6,
1306 3900 1349 3968 76.

302 3980 353 4033 hoc
365 4000 444 4034 suum
464 3999 569 4034 cannen
585 3979 676 4034 scribit
692 3982 805 4052 Proper-
883 3977 1352 4051 9.1teprocul‚froudet‚etc.Quo-

302 4063 415 4116 tieslls
430 4063 529 4116 Philon
543 4060 602 4114 vide
621 4061 671 4128 lll,
691 4077 717 4126 r,
737 4075 804 4110 t.-
849 4057 929 4112 modo
960 4057 1034 4130 eputl
1061 4059 1197 4130 Virgilium
1225 4054 1349 4127 Sibylla:
