3116 4756
305 337 860 352 *¹*m-

611 533 858 632 ELEGIA
887 536 1032 632 XIII.

640 765 704 830 ru
725 765 993 832 cunamen.

712 1199 937 1238 ΔΙῦῠΙΙΙΤῑῘΙ.

299 1318 305 1332 '
339 1315 432 1390 Poeta
447 1315 486 1375 ab
507 1315 619 1376 Amore
636 1314 752 1392 factm,
766 1329 801 1378 ut
815 1315 984 1399 Cynthiam
1000 1327 1108 1392 canat,
1123 1315 1263 1377 favorem
1280 1313 1344 1396 ejus

300 1412 430 1474 unicum
439 1411 557 1494 scriptis
571 1412 633 1472 suis
645 1413 775 1496 expetit,
791 1411 878 1492 vulgi
892 1413 1056 1478 confusam
1068 1434 1175 1474 vocem
1186 1425 1218 1473 et
1229 1411 1346 1494 judicia

300 1507 381 1569 nihil
394 1521 490 1570 curat.
503 1543 543 1555 —-
555 1510 677 1570 Funera
694 1529 750 1570 sua
764 1509 931 1570 committit
944 1507 1086 1592 Cynthiae
1103 1533 1110 1570 s
1129 1509 1244 1569 tumuli
1261 1510 1347 1569 vanis

300 1602 475 1666 bonoribus
486 1617 520 1666 ut
534 1605 739 1681 abstineatur,
755 1607 910 1688 praecipit3
931 1625 1080 1688 pompam
1098 1605 1156 1665 sibi
1175 1605 1247 1664 satis
1267 1625 1347 1681 esse,

301 1719 378 1782 quos
394 1703 584 1784 Proserpinae
600 1701 682 1764 dona
701 1700 796 1779 ferat,
808 1701 929 1762 libellos
949 1722 1093 1762 amorum
1106 1723 1186 1762 suos.
1201 1701 1350 1782 Sequetur

300 1797 410 1858 dolore
421 1819 527 1860 amens
542 1798 706 1860 funebrem
720 1800 831 1860 lectum
849 1799 999 1883 Cynthia;
1014 1800 1146 1859 amantis
1161 1819 1276 1859 nomen
1293 1789 1349 1884 ite·

301 1915 373 1954 rum
383 1907 475 1976 atque
487 1897 600 1956 iterum
612 1894 776 1974 clamabit3
798 1917 885 1958 urnae
901 1917 998 1958 mano
1016 1917 1071 1957 sua
1089 1895 1201 1956 inferet
1216 1897 1348 1969 cineres3

265 1995 273 2006 '
302 2005 395 2074 atquc
408 1995 528 2056 utinam
543 1993 613 2072 illa,
628 2015 725 2078 quum
735 1995 895 2056 advenerit
904 1994 984 2068 dies,
999 1994 1108 2056 eodem
1119 1993 1257 2079 sepulcro
1269 2007 1350 2054 amet

303 2093 455 2174 quiescere
480 2094 595 2176 posita!
619 2093 674 2154 Sed
698 2093 745 2153 nil
771 2093 943 2177 quidquam
969 2093 1148 2176 deprecatur
1175 2091 1351 2173 Propertius

303 2203 454 2252 mortem:
468 2191 660 2274 ecquodnam
679 2191 800 2252 bonum
813 2192 935 2252 vivere?
949 2213 1013 2274 quo
1028 2193 1116 2254 citius
1134 2189 1248 2252 devita
1265 2187 1349 2250 tolli-

294 2307 392 2368 mur,
404 2301 494 2349 tanto
507 2285 575 2370 plus
590 2287 680 2350 nobis
691 2288 1013 2350 aerumnarum'vitari.

771 2503 882 2522 -Q

352 2611 402 2721 N
404 2675 447 2722 on
460 2669 511 2722 tot
521 2653 741 2722 Achaemeniis
752 2667 927 2722 armantur
937 2657 1021 2723 Susa
1031 2655 1175 2746 sagittis,

395 2761 529 2855 Spicula
542 2777 626 2855 quot
637 2778 752 2829 nostro
764 2777 899 2854 pectore
911 2760 983 2830 lixit
994 2767 1107 2830 Amor.

287 2945 290 2952 ,
350 2875 413 2940 Hic
424 2897 479 2940 me
490 2888 559 2940 tam
572 2871 711 2964 graciles
725 2875 831 2942 vetuit
844 2887 1060 2941 contemnere
1072 2879 1208 2954 Musas,
1323 2859 1326 2872 ¹

396 2985 502 3050 Juasit
513 2999 548 3051 et
558 2990 729 3052 Ascraeum
742 2984 789 3062 sic
800 2981 950 3065 habitare
965 3007 1106 3068 nemus;

349 3097 425 3160 Non
436 3097 600 3162 utPierIoe
611 3093 1174 3189 quercusmeaverbasequantur,
1332 3101 1348 3154 5

340 3313 364 3349 ι.
385 3296 465 3363 Susa,
485 3295 548 3350 urbs
569 3315 665 3369 magna
689 3300 804 3368 satisque
847 3296 1007 3350 Lachmann.
1019 3293 1053 3346 ad
1064 3295 1100 3358 II,
1113 3309 1160 3358 ao,
1173 3307 1204 3362 7,
1214 3289 1293 3342 verbo
1303 3291 1350 3342 mi·

301 3386 366 3427 nota
388 3378 534 3428 Persarum.
553 3405 591 3418 -
612 3375 803 3440 deliramentis,
847 3393 898 3427 nus
916 3387 986 3426 recte
1004 3373 1093 3444 jungit
1113 3381 1168 3422 tam
1188 3370 1269 3422 vetuit
1284 3388 1349 3422 con-

301 3455 420 3509 Pereicls.
436 3456 604 3509 Achaemenes
614 3473 659 3509 rex
671 3453 732 3506 olim
744 3456 804 3506 l’er-
848 3465 968 3506 temnere.
987 3481 1023 3493 -
1039 3451 1102 3513 Sta,-
1120 3463 1149 3501 ut
1172 3450 1264 3515 facio,
1288 3467 1349 3502 cum
1428 3477 1432 3488 ·

301 3551 390 3587 sarum
404 3535 562 3602 ditissimus,
574 3555 589 3586 a
603 3553 656 3605 quo
668 3533 803 3584 dictisunt
847 3533 920 3584 tenui
939 3533 1023 3584 Musa.
1037 3559 1074 3572 -
1090 3529 1219 3580 Asamum
1241 3547 1347 3594 nmen,

301 3614 510 3682 Achaemenide,
530 3615 575 3688 qui
594 3613 627 3666 ad
644 3631 728 3685 usque
746 3615 802 3664 Da·
847 3611 881 3664 ad
894 3611 1047 3664 Heliconem
1059 3622 1185 3661 montem.
1199 3607 1265 3660 Vide
1281 3606 1347 3680 clep.

300 3694 368 3746 rium
383 3692 585 3763 imperaverunt.
601 3694 698 3744 Arcum
714 3704 803 3743 autem
851 3707 896 3757 to,
912 3691 955 3744 ²5.

300 3787 327 3826 et
338 3774 445 3844 sagittas
456 3777 563 3846 propria
574 3771 696 3844 gentibus
708 3774 802 3824 Orien·
883 3771 906 3824 5.
919 3773 998 3836 Non,
1013 3783 1063 3823 etc.
1077 3789 1131 3822 non
1146 3781 1177 3820 ut
1188 3766 1348 3820 carminibus

299 3853 332 3903 tis
345 3867 417 3902 arma
430 3867 500 3916 esse,
514 3851 613 3922 ubique
622 3849 744 3920 legimus.
847 3855 911 3906 meis
925 3851 1048 3924 Orpbeus
1061 3851 1126 3904 alter
1137 3851 1238 3921 rapiam
1254 3849 1348 3914 silvas,

334 3929 361 3982 3.
377 3929 443 3982 Tam
453 3929 563 4006 procilcs
573 3933 677 3994 Μιιεαες
692 3943 744 3982 tam
762 3929 802 3984 le·
847 3929 893 3986 aed
904 3933 1004 4005 magis,
1015 3946 1064 3986 etc.
1079 3931 1172 3984 Pierioe
1183 3947 1289 4001 quercea
1298 3947 1347 4000 pro

300 4027 360 4076 res,
370 4022 479 4081 tenues,
492 4029 549 4082 quse
561 4012 642 4064 Iluam
654 4025 715 4064 sunt
728 4031 799 4064 mea.
846 4011 974 4066 Thraciis.
989 4012 1105 4065 Thracia
1119 4027 1181 4082 pars
1195 4023 1234 4064 est
1246 4009 1347 4072 Pieria,
