3116 4756
186 369 1236 404 *m

498 539 776 639 ELEGIA
816 541 930 636 XX.

535 744 599 807 uu
619 743 889 808 crurursu.

598 1121 828 1158 ΗῦῦΙΙΠῦΙ.

230 1247 365 1326 Decepta
385 1241 464 1304 falso
481 1262 606 1302 rumore
624 1239 759 1325 Cynthia
778 1242 1018 1302 inconstantiam
1036 1243 1170 1304 amantis
1191 1244 1237 1304 sui

189 1363 245 1426 per
260 1341 361 1404 literas
378 1361 450 1402 curn
465 1340 586 1421 magnis
603 1338 748 1422 lacrymis
764 1341 965 1400 incusaverat.
987 1337 1128 1426 Puellarn
1147 1341 1240 1402 nimis

190 1436 348 1499 credulam
359 1436 478 1498 solatur
490 1437 683 1519 Propertius:
702 1438 816 1496 mutari
829 1435 920 1496 fidem
934 1457 1037 1512 sunm,
1052 1435 1239 1519 refrigerari,

190 1533 344 1618 quidquid
359 1546 510 1610 tentetur,
526 1533 669 1594 ardorem
684 1553 775 1594 suum
795 1551 883 1616 posse
899 1547 1006 1616 negat3
1023 1547 1088 1594 tam
1104 1533 1240 1616 pulchris

189 1631 315 1712 ignibus
335 1651 400 1691 nou
424 1630 484 1690 nisi
503 1643 635 1691 mortem
654 1629 718 1690 lore
741 1632 913 1690 terminum
936 1631 1080 1706 confidit;
1105 1651 1136 1691 se
1156 1631 1240 1713 apud

191 1725 305 1788 inferos
319 1727 438 1788 aeternis
450 1728 552 1809 poeuis
562 1727 709 1804 devovet,
723 1727 748 1788 si
758 1727 909 1788 memoria
921 1749 976 1788 sue
988 1727 1079 1787 illum
1089 1748 1240 1810 umquam

191 1825 350 1906 ingratum
362 1823 478 1885 fecerit.

659 1979 771 1996 *-

240 2057 349 2196 Quin
360 2099 421 2168 fles
433 2099 577 2169 abducta
590 2093 723 2192 gravius
735 2095 904 2169 Briseide?
916 2101 998 2196 quid
1012 2100 1073 2170 fles

284 2213 390 2280 Anxia
401 2214 533 2305 captiva
547 2214 674 2280 tristius
688 2211 945 2280 Andromacha?

236 2321 367 2410 Quidve
379 2349 454 2393 mea
469 2323 511 2393 de
524 2321 643 2392 fraude
655 2321 753 2407 deoc,
767 2324 904 2405 inserta,
918 2323 1059 2415 fatigas?

283 2433 372 2521 Quid
384 2437 535 2527 quereris
548 2450 698 2502 nostram
710 2435 759 2501 sic
769 2432 930 2502 cecidisse
942 2431 1068 2501 iidem?

236 2549 312 2614 Non
323 2563 393 2612 tam
404 2544 876 2614 nocturnavolucrisfunesta
889 2543 1026 2641 querela
1225 2559 1241 2610 5

282 2657 390 2723 Attica
401 2658 570 2749 Cecropiis
581 2657 747 2750 obstrepit
760 2659 795 2723 in
807 2655 911 2739 foliis3

237 2771 307 2834 Nec
318 2782 450 2836 tentum
462 2769 584 2852 Niobe,
600 2768 651 2836 bis
664 2791 724 2835 sex
735 2767 778 2836 ud
789 2767 907 2851 bustu,
922 2789 1068 2860 superne

284 2873 428 2946 Sollicito
440 2875 607 2970 lacrymas
622 2874 742 2946 defluit
752 2903 773 2945 a
788 2875 913 2972 Sipylo.

231 3047 254 3085 t.
275 3031 393 3085 Abducta
412 3032 525 3086 Briseide
532 3052 543 3094 ς
563 3027 695 3099 Briseide,
740 3051 812 3106 pem.
836 3033 925 3087 Scene
947 3029 1110 3083 tradiderunt
1128 3030 1245 3084 fabulam

193 3129 275 3185 quum
290 3130 317 3165 ee
336 3109 438 3164 videret
453 3109 549 3164 Achilli
567 3123 695 3182 ereptam.
740 3110 877 3184 AEscbylus
887 3123 913 3164 et
924 3108 1077 3182 Sophocles.
1089 3137 1127 3151 ·-
1142 3111 1246 3164 Obstre-

229 3189 253 3243 5.
271 3187 389 3243 Voluerit
398 3189 523 3262 funesta,
536 3185 697 3255 Philomela,
739 3209 801 3264 pere
812 3191 845 3243 de
858 3203 939 3242 centu
950 3187 1078 3260 querulo,
1090 3201 1121 3240 ut
1131 3187 1245 3241 vidimus

193 3271 260 3342 regie
269 3269 471 3323 Atheniensium
479 3267 696 3336 Pandionislilin,
738 3273 796 3342 jorn
812 3271 840 3336 l,
862 3268 910 3332 16,
932 3268 974 3336 46.
991 3267 1033 3320 sis
1050 3281 1076 3318 et
1096 3266 1245 3339 increpare,

194 3369 251 3424 qne
279 3351 398 3402 Procnen
426 3349 521 3402 babuit
553 3367 697 3415 sororem,
742 3345 1246 3420 queri,lll,to,1o‚lV,tr,60.-

193 3431 293 3482 Procne
312 3447 374 3481 vero
390 3429 503 3481 Tereum
521 3427 639 3480 Tbrecin
655 3445 698 3479 re·
743 3426 866 3497 Cecropia
879 3424 952 3498 folin
965 3442 1014 3495 pro
1025 3423 1097 3476 silvie
1108 3424 1209 3475 Atticis.

193 3529 252 3583 pern
269 3510 400 3561 maritum.
421 3511 487 3577 ilie,
505 3509 596 3560 vitiata
613 3507 699 3560 rhuo-
779 3521 805 3574 7.
825 3503 928 3570 Niobe,
948 3499 1105 3572 Amphionis
1126 3499 1247 3554 Thebani

194 3589 278 3656 mele,
293 3608 375 3662 quum
386 3590 502 3662 lingnam
516 3592 554 3656 ei,
569 3607 601 3641 ne
612 3587 700 3641 dirui-
743 3585 812 3654 tegis
824 3599 903 3647 uxor,
914 3593 989 3652 patre
1002 3577 1132 3646 Tantulo,
1145 3579 1246 3632 duode-

193 3668 393 3740 gnretlscinus,
404 3669 576 3732 exsecuisset,
588 3670 699 3734 Procne,
743 3666 794 3716 cim
804 3659 1036 3740 natissuperbiens
1046 3675 1111 3710 ause
1118 3658 1247 3711 betonem

194 3765 224 3800 re
238 3747 360 3816 cognite,
375 3745 700 3818 interfectumfiliurnltyn
744 3743 890 3813 despicere.
922 3736 1025 3790 Prolem
1055 3737 1112 3806 ejus
1140 3755 1247 3790 omnem

195 3826 266 3898 petri
280 3841 376 3876 menete
396 3823 529 3896 adposuit.
551 3827 700 3896 lntequitnr
743 3816 841 3892 Apollo
866 3817 967 3887 sagittis
994 3815 1139 3874 exstinxit3
1164 3828 1248 3868 meter

195 3905 296 3956 Tereus
312 3920 403 3955 amens
422 3921 525 3956 sorores
540 3902 622 3970 dosa,
637 3921 702 3975 qna-
743 3899 802 3970 ipsa
814 3892 900 3948 Niobe
913 3909 1004 3946 saxum
1018 3892 1047 3942 ln
1062 3889 1152 3962 Sipylo
1165 3889 1249 3964 Pbry-

197 4001 257 4035 rnm
270 3981 352 4034 altera
369 3983 396 4034 in
409 3979 563 4048 lusciniam,
576 3983 659 4034 alten
673 3983 700 4034 in
744 3977 792 4048 gite
809 3985 900 4026 monle
914 3971 986 4023 lecte
1002 3981 1050 4022 est.
1063 3967 1134 4022 Vide
1148 3969 1247 4043 Glerlg.

197 4059 368 4118 limodinetn
381 4073 513 4129 mutetur,
526 4061 619 4132 ipsein
629 4077 701 4130 upu·
746 4055 780 4110 ed
791 4051 869 4108 Ovid.
884 4051 990 4104 llletam.
1003 4049 1055 4118 Vl,
1072 4047 1131 4116 146.
1141 4077 1178 4090 -
1187 4049 1249 4102 Vuis
