3128 4760
489 335 750 404 PROPERTII
775 336 862 404 mu.
886 338 935 404 11.
1101 355 1103 360 ·
1169 339 1235 408 ³03

239 467 325 530 Nam
336 461 419 557 quid
431 464 608 532 Praenestis
620 461 757 546 dubias,
769 485 790 530 o
803 459 964 554 Cynthia,
976 476 1098 548 sortes,

284 575 373 670 Quid
383 579 470 668 petis
482 579 560 644 AEoei
572 577 695 644 moenia
705 574 889 667 Telegoni?

239 688 347 756 Curre
358 701 392 754 te
405 688 441 756 in
455 685 661 756 Herculeum
672 685 852 778 deportant
863 681 981 752 esseda
991 682 1120 753 Tibur?
1223 698 1239 753 s

285 797 393 888 Appia
404 818 464 863 cur
477 798 575 864 toties
587 811 621 863 te
638 795 690 863 vin
702 793 797 863 ducit
805 797 912 862 anus?
979 849 982 858 .

240 905 312 972 Hoc
323 908 453 974 utinam
464 909 608 999 spatiere
618 903 712 987 loco,
726 903 965 998 quodcumque
977 900 1126 984 vacabis,

285 1015 444 1108 Cynthia!
458 1041 539 1085 unm
552 1016 613 1084 tibi
625 1039 681 1084 me
693 1013 830 1084 credere
842 1011 943 1083 turbe
954 1027 1061 1096 vetat,

227 1249 254 1302 ³.
275 1247 347 1302 Nam
369 1250 442 1324 quid.
463 1253 513 1306 Pro
538 1251 692 1324 Quidnam,
739 1248 847 1302 delicias
864 1250 1045 1300 Romanorum
1061 1243 1120 1298 fuit.
1138 1243 1241 1296 lineu-

192 1329 383 1404 Ecquidnam,
413 1331 533 1405 intelligo
566 1333 692 1404 positum.
739 1327 829 1394 ierem,
847 1325 955 1380 Herculi
973 1343 1078 1377 sncrurn
1095 1346 1102 1374 z
1121 1321 1182 1376 ride
1199 1324 1242 1376 in·

192 1405 329 1461 Particulre
339 1425 401 1460 uam
413 1408 488 1462 locus
497 1429 553 1462 non
566 1421 621 1476 est,
633 1409 693 1477 ubi,
739 1417 824 1478 tcrpp.
843 1404 878 1458 nd
895 1400 1117 1468 siliculum,
1132 1401 1192 1468 224.
1206 1431 1242 1443 -

194 1483 268 1557 quod
280 1485 448 1540 observamus
455 1487 510 1556 bic,
516 1487 695 1542 destituuntur
737 1483 828 1558 Appia
843 1485 885 1538 uia
897 1502 976 1550 anm,
989 1482 1042 1534 boc
1056 1495 1112 1549 est,
1125 1499 1225 1534 annosa
1231 1519 1242 1548 ,

194 1582 315 1618 connexu
332 1584 389 1637 qun
407 1581 595 1638 precesserunt
612 1580 638 1620 et
655 1585 695 1620 se·
738 1565 822 1618 sntio
836 1566 980 1636 interprete
992 1561 1053 1616 silv.
1067 1564 1103 1614 1v
1108 1598 1117 1626 ‚
1132 1561 1164 1627 3,
1184 1561 1241 1613 163.

195 1656 320 1714 quuntur.
342 1646 452 1698 Diversa
471 1664 513 1699 ree
532 1658 587 1700 eret
606 1645 695 1712 11.‚4,
739 1641 781 1694 Sic
790 1655 887 1695 imam
895 1661 977 1694 auum
988 1638 1101 1708 Plinius,
1113 1652 1140 1692 et
1153 1648 1242 1692 testam

197 1719 238 1774 1⁵.
254 1750 290 1761 -
303 1723 446 1777 emere.
461 1725 546 1777 Sortes
561 1724 697 1777 Praenestis
739 1741 821 1773 anum
850 1720 978 1775 Martialis
1007 1719 1147 1786 dixerunt,
1175 1718 1242 1770 flisc

194 1817 244 1869 pro
264 1800 430 1854 Praenestinis
456 1801 571 1856 eonibru
595 1800 696 1853 dictum
739 1803 802 1854 Nat.
827 1803 913 1868 XVII,
933 1801 965 1866 5,
986 1800 1070 1872 epigr.
1084 1800 1114 1865 l,
1136 1797 1244 1852 106.1n

194 1877 288 1930 vitiosa
310 1878 397 1931 forma
408 1893 455 1932 est.
480 1879 521 1932 Au
537 1879 588 1932 hcc
605 1878 697 1950 scripti
740 1880 844 1952 scriptis
858 1879 993 1952 plerisque
1009 1877 1085 1930 libris
1101 1877 1191 1947 inepte
1205 1873 1245 1928 le·

195 1955 282 2010 Gndd.
304 1977 396 2026 umnec
420 1977 475 2011 non
496 1958 631 2012 Proeuestis
649 1956 697 2009 ced
739 1961 824 2031 gitur,
841 1957 1183 2031 :Appincurlotiesteria
1196 1953 1244 2006 dn·

194 2035 320 2089 Ptrenestr'
335 2035 475 2103 exhibent,
496 2036 570 2108 quod
586 2055 619 2090 nc
638 2037 696 2108 quis
740 2040 778 2090 cit
794 2040 932 2092 anemis·
949 2055 1027 2090 sensu
1050 2054 1105 2088 non
1127 2032 1243 2088 absurdo

195 2111 312 2167 ablativo
330 2133 395 2168 casu
409 2117 525 2185 positum
540 2116 602 2167 ferri
616 2131 696 2184 posse
739 2117 839 2169 frustra
848 2115 1009 2170 'conantibus
1026 2115 1086 2167 viris
1102 2112 1186 2166 doctis
1200 2132 1244 2166 ex·

195 2193 341 2262 existimet,
352 2196 477 2247 Prisciani
488 2192 568 2246 rerba
578 2193 696 2259 faciunt,
740 2213 849 2266 ponere.
865 2199 961 2248 Veram
977 2196 1152 2266 scripturam,
1163 2211 1244 2256 anus,

195 2269 241 2324 lib.
265 2273 329 2338 vn,
347 2292 409 2345 pag.
432 2272 492 2343 759.
516 2274 598 2324 Parva
618 2271 698 2340 igitur
741 2272 854 2326 Codices
880 2271 1001 2326 nonnulli
1031 2285 1186 2338 servarunt,
1213 2289 1244 2323 ex

195 2353 342 2402 mutatione
367 2349 553 2404 lachmannue
573 2370 579 2400 ι
602 2349 697 2399 «Nam
742 2351 1030 2424 quibusllienteliunus
1047 2362 1095 2402 est.
1109 2377 1145 2412 -,-
1158 2349 1244 2420 Appia

196 2429 260 2500 quid
278 2431 405 2486 Proeueste
420 2433 449 2484 in
465 2431 575 2496 dubins,
594 2448 611 2481 ο
629 2429 697 2501 Gyn-
740 2433 784 2482 vin
796 2429 872 2482 locus
887 2429 953 2496 fruit,
970 2429 998 2480 in
1012 2447 1066 2500 quo
1080 2445 1108 2480 ee
1123 2426 1246 2498 exquisiti

195 2507 266 2573 ibin,
280 2522 380 2576 sortes,
394 2509 466 2578 Quid
476 2511 544 2582 petis
560 2509 623 2560 AEni
635 2525 698 2560 moe·
742 2508 815 2560 cultu
823 2510 934 2578 juvenes
946 2525 1007 2558 curn
1018 2506 1122 2558 feminis
1137 2501 1245 2575 elegan-

195 2583 413 2657 ninTelegoniir
428 2588 499 2656 Quid
508 2591 635 2641 Prnneese
646 2599 700 2638 ten·
742 2585 854 2639 tioribus
865 2583 1070 2658 conspiciendos
1083 2582 1193 2636 debent.
1204 2581 1247 2634 Ci-

196 2661 255 2727 dis,
278 2665 382 2735 inquit,
406 2663 465 2718 illas
494 2666 590 2719 dubins
614 2678 699 2719 sortes
742 2685 876 2738 cero,prc
889 2665 1057 2736 Coelic,cap.
1070 2661 1246 2732 sl,Appinrn

198 2739 356 2810 quesitum?
374 2771 410 2782 -
427 2745 577 2812 Praeneste,
598 2744 700 2796 dictum
742 2743 846 2796 Crecum
871 2755 1006 2796 auctorum
1030 2743 1076 2793 riae
1101 2759 1133 2794 ex
1156 2740 1247 2793 inferis

198 2819 609 2890 nuncltnlisPalestrina,lnsii
623 2825 698 2894 oppi-
743 2835 857 2891 evocet,
878 2823 926 2894 qui
953 2819 1073 2894 (lindiam
1100 2821 1245 2872 incusansr

197 2896 278 2966 dum,
299 2898 328 2948 in
346 2915 398 2970 quo
416 2899 616 2952 celeberrimum
633 2899 699 2952 illud
746 2901 905 2953 uidenviarn
915 2898 1247 2968 munivi,uteamtualie·

197 2973 327 3047 ternplum
350 2988 377 3029 et
399 2977 535 3030 oraculum
559 2979 699 3046 Fortunn,
743 2978 783 3030 nie
795 2980 857 3030 viris
868 2981 992 3032 comitate
1003 2977 1187 3030 celebreresi·
1204 2973 1246 3026 Ab

198 3053 371 3125 scriptoribus
393 3052 531 3107 laudatum
555 3057 699 3108 innumeris
743 3056 831 3127 Appia
853 3055 900 3108 illa
923 3056 1104 3108 Rornanorum
1129 3056 1171 3108 vin
1192 3071 1247 3106 non

197 3133 272 3186 locis.
290 3133 357 3186 Vide
373 3133 455 3185 modo
476 3134 559 3186 Cicer.
578 3133 613 3186 de
630 3135 700 3186 Diri·
744 3133 874 3186 dil'lerunt
886 3137 991 3207 campi,
1004 3152 1073 3208 quos
1085 3133 1191 3206 Elysios
1205 3131 1247 3184 di-

197 3212 420 3281 ιιιῑ.11,41.-
437 3213 538 3270 Maenia
559 3211 699 3286 Teleqoni,
744 3215 845 3284 cimus,
858 3215 967 3268 Lutetiae
978 3227 1075 3268 nostre
1087 3213 1247 3284 adjacentes.

198 3291 361 3360 Tusculum,
378 3305 470 3345 nostro
485 3292 537 3345 boc
553 3310 608 3344 nvo
623 3293 701 3346 Frus—
781 3313 805 3365 7.
824 3295 883 3346 Hoc
900 3293 976 3362 loco,
994 3295 1022 3346 in
1043 3296 1100 3366 ipss
1119 3291 1194 3345 urbe.
1212 3318 1248 3332 -

199 3373 267 3438 ccii,
281 3393 296 3426 a
308 3371 444 3443 Telegono
455 3371 608 3441 conditum,
624 3371 702 3444 Ulys-
747 3371 932 3448 Quodcumque
941 3375 1049 3440 vacabis,
1059 3370 1189 3445 quidquid
1200 3363 1248 3422 ubi

201 3449 235 3501 sis
250 3467 281 3500 ex
294 3449 368 3502 Circe
382 3450 445 3503 lilio.
455 3451 543 3505 AEoeus
552 3464 641 3504 cutem
650 3453 703 3504 Te·
748 3454 795 3506 otii
806 3457 863 3506 erit.
873 3483 909 3493 -
917 3455 997 3508 Nam.
1008 3451 1112 3524 Vulgo:
1126 3474 1137 3499 ι
1149 3450 1193 3503 sed
1200 3445 1248 3498 tibi

200 3524 640 3597 legonus,C0lchicus,utAEoecm
652 3532 704 3582 Cir·
747 3551 789 3584 nse
817 3533 923 3586 credere
948 3533 1027 3586 turba
1050 3543 1166 3594 scinu·
1191 3539 1248 3578 lur-

202 3622 260 3656 cam
282 3605 347 3658 dixit
368 3608 506 3680 Virgilius,
529 3607 632 3662 AEneid.
655 3611 702 3678 lll,
747 3610 828 3664 bantc
848 3612 978 3684 particula
997 3615 1046 3664 iste
1061 3610 1104 3664 sed
1119 3607 1248 3659 orationis

203 3681 264 3736 335·
526 3711 534 3730 ‘
746 3709 902 3744 connexum.
923 3690 1013 3744 Scribe
1034 3708 1096 3741 nam
1120 3687 1164 3740 tibi
1184 3703 1248 3751 me,

239 3761 265 3816 5·
282 3761 384 3816 Esseda.
402 3764 468 3818 Vide
486 3780 541 3820 not.
559 3766 594 3820 nd
609 3770 649 3834 ll,
672 3783 702 3836 ι,
748 3768 822 3840 qnod
851 3786 931 3822 sensu
960 3780 1032 3820 recto
1062 3764 1248 3838 Groniugnnus

95 3888 98 3898 ,
203 3839 247 3911 76.
261 3839 403 3907 -Tibur,
416 3847 515 3896 recenti
533 3847 638 3900 nomine
656 3846 702 3898 Ti·
747 3844 860 3898 exbibet.
876 3845 1109 3915 Utinaminquit,
1122 3855 1148 3896 te
1164 3843 1246 3894 Rornn

203 3915 416 3983 ucli,indecliri
429 3919 496 3974 colle
510 3941 563 3976 nnn
576 3923 654 3996 longe
669 3923 702 3978 eb
748 3927 851 3977 teneatl
877 3925 1051 3996 nequeenim
1073 3921 1106 3976 de
1129 3921 1180 3974 lide
1201 3933 1247 3972 tua

203 3997 271 4051 urbe
289 3995 384 4064 silum,
405 4001 553 4056 cmoenitste
570 4020 617 4056 sus
635 4005 704 4058 inter
747 4003 812 4057 mibi
827 4021 882 4058 non
898 4003 981 4056 oritur
996 3999 1123 4068 dubium,
1144 3999 1246 4074 quoties
