3128 4766
319 310 357 377 16
640 308 901 374 rnornnrn
926 287 1044 373 vrrs

314 435 530 498 nontinebatur
545 459 553 494 :
566 432 630 495 vid.
644 433 803 514 Custigett.
817 433 849 492 in
861 433 1001 514 Propert.
1016 453 1085 516 pag.
1097 433 1176 494 tued.
1189 453 1256 514 219.
1271 436 1358 496 Circe

314 533 394 593 idem
414 545 534 614 tempus
557 531 678 592 videtur
699 530 790 590 etiem
813 529 909 610 elegis
930 550 965 590 21
986 529 1040 590 lib.
1055 531 1099 590 111
1117 530 1229 612 scripte
1251 529 1359 609 tuisse,

313 649 411 710 quum
424 649 460 688 ex
473 627 665 710 impatientia
688 627 819 701 amoris,
840 625 890 686 cui
904 624 1040 708 Cynthia
1060 646 1126 687 non
1143 627 1214 687 setis
1234 647 1360 710 respon·

313 725 422 800 debat,
436 726 494 786 iter
513 723 646 786 Athenas
660 721 890 807 suscipiendum
903 722 1070 785 simularet.
1085 725 1142 784 Vix
1162 725 1246 784 euim
1260 723 1360 786 oddu-

313 845 365 885 oor
376 838 413 884 nt
426 823 568 899 credam,
592 837 717 906 poetam
734 843 885 904 umquem
900 823 957 886 iter
970 819 1088 897 fecisse,
1102 843 1142 882 ne
1162 843 1217 904 per
1230 821 1359 903 elegiam

313 992 405 1057 nermi,
416 989 581 1056 Callimachi,
592 1003 618 1041 et
626 988 732 1042 Phiieue
742 987 816 1040 iibei-
860 1002 982 1060 quem,ut
989 987 1076 1041 adhue
1083 985 1359 1058 pervenerant-aigne

312 1069 352 1122 ios
364 1067 499 1140 inteiligit,
512 1071 556 1120 eui
569 1083 719 1122 commento
731 1087 815 1139 quun·
859 1069 979 1136 occipere
987 1066 1062 1131 uelit,
1071 1079 1161 1138 rogan
1169 1063 1198 1116 hi
1206 1081 1308 1131 sersus,
1319 1068 1360 1117 in·

313 1149 409 1200 tumris
425 1149 517 1219 inepto
533 1150 715 1215 Burmannus,
730 1163 759 1198 ut
776 1161 815 1199 est
860 1163 955 1215 quum,
969 1143 1047 1208 olibi,
1062 1163 1141 1215 quern
1157 1145 1184 1196 iu
1199 1145 1285 1215 eapite
1297 1142 1358 1196 iibri

313 1227 377 1280 ieris
386 1239 412 1280 et
420 1225 565 1291 mutabilis,
572 1239 599 1278 et
605 1228 656 1297 ipsi
665 1229 814 1280 assentitur.
860 1224 981 1295 Augusto
991 1223 1119 1290 dedicati,
1130 1226 1195 1297 poni
1205 1241 1258 1276 non
1268 1237 1359 1295 potue·

244 1307 248 1314 “
313 1303 434 1356 Boethius
453 1305 481 1355 in
499 1305 559 1356 Vite
579 1305 708 1376 Propertii
726 1303 815 1375 (infre
859 1317 929 1355 runt.
940 1303 1010 1372 Quid
1026 1304 1178 1358 dubitemus
1188 1307 1283 1376 igitur,
1296 1305 1360 1376 quin

313 1403 376 1456 pag.
390 1385 450 1456 25),
469 1382 516 1434 ·Si
534 1384 592 1455 quis
608 1403 639 1436 ex
656 1403 684 1436 se
701 1397 815 1456 queret,
860 1377 927 1434 iiber
943 1383 1035 1434 tertius
1046 1381 1080 1434 ab
1094 1401 1127 1436 eo
1141 1384 1272 1446 carmine,
1284 1385 1359 1452 eujus

314 1483 361 1516 eur
378 1463 434 1516 hee
449 1461 518 1514 libro
538 1462 657 1515 seeundo
677 1461 814 1534 legantur,
859 1458 916 1512 hec
926 1461 1053 1531 portionis
1068 1475 1198 1532 superest,
1205 1463 1307 1514 initium
1318 1480 1360 1514 ee·

313 1561 363 1594 nee
384 1541 490 1594 dentum
514 1543 609 1608 tertio,
629 1540 733 1594 iteilem
757 1561 815 1595 esse
858 1541 945 1610 pisse,
961 1553 1100 1611 sequentes
1117 1553 1204 1592 autem
1222 1539 1298 1605 libri,
1313 1543 1360 1612 qui

313 1620 512 1690 responsionem
529 1641 540 1664 s
558 1617 640 1684 dicit,
662 1643 673 1666 ι
688 1621 814 1691 quonium
860 1616 947 1670 adhuc
957 1637 1007 1691 pro
1021 1622 1098 1672 tertio
1114 1633 1263 1692 quartoque
1276 1617 1359 1674 habiti
1411 1675 1413 1680 ,

313 1697 438 1748 nimirum
449 1714 537 1767 neque
553 1697 706 1770 Propertius
727 1715 815 1769 neque
859 1709 934 1764 sunt,
945 1709 1053 1769 questus
1060 1698 1220 1770 quintusque
1228 1699 1359 1750 numerari

313 1777 439 1829 Horatius
448 1777 565 1828 curmine
574 1795 622 1828 sus
635 1775 729 1830 ordine
740 1777 816 1831 ohro·
859 1771 1019 1827 debuerint?

314 1855 438 1925 noiogieo
449 1856 597 1926 composite
609 1855 754 1923 ediderint,
768 1855 815 1910 sed
894 1853 941 1905 iiis
962 1854 998 1904 its
1020 1855 1113 1924 positis
1134 1871 1216 1925 quum
1237 1871 1359 1924 magnum

313 1933 356 1986 ilie
377 1935 526 2006 promiscue
545 1935 689 2006 conjecerit
707 1937 735 1989 in
754 1936 815 1989 iilos
859 1946 960 2006 purtem
977 1951 1087 2000 eorum,
1108 1951 1166 2004 quse
1185 1933 1307 1987 narnias
1325 1932 1360 1986 de

313 2010 381 2067 duos
392 2011 474 2066 libros
488 2011 652 2082 (seeundum
664 2032 697 2065 oo
708 2017 814 2068 tertium
858 2027 977 2087 tempore
986 2013 1108 2068 editionis
1116 2013 1244 2068 librorum
1250 2017 1360 2088 Proper·

313 2091 434 2162 inteiligit
449 2091 604 2164 Btrthius),
618 2092 746 2165 quidquid
762 2093 811 2147 eie·
860 2095 903 2160 tii,
924 2095 997 2146 sonis
1019 2091 1239 2146 isariolotionibus
1261 2096 1359 2164 meeis,

313 2169 461 2241 piorumad
474 2187 568 2222 monus
580 2184 664 2236 esset,
674 2173 752 2224 sicuti
760 2175 817 2225 ΙΙο-
859 2190 938 2244 quarn
954 2172 1031 2224 certis
1049 2173 1181 2224 rationum
1199 2176 1359 2244 argumentis

313 2249 816 2324 retinsodosiibrilet11‚uootempore
859 2251 990 2317 confisus,
1006 2249 1166 2322 disputavit,
1182 2241 1263 2302 everti
1277 2270 1360 2324 eppe·

314 2330 476 2399 conjunctim
491 2328 571 2397 editi,
580 2331 730 2401 promiscue
744 2331 816 2386 ordi·
859 2343 931 2395 rent,
945 2329 977 2381 de
989 2326 1041 2380 lsuc
1052 2345 1080 2379 re
1090 2330 1175 2380 risum
1189 2341 1229 2382 est
1241 2347 1285 2397 en,
1303 2349 1359 2402 que

313 2409 424 2460 noterit.
434 2430 446 2455 ι
458 2409 557 2465 Demsu
567 2407 619 2461 hoc
628 2429 636 2460 s
646 2408 815 2464 sedebsnrde
860 2408 949 2460 omnin
958 2405 1010 2459 huc
1024 2407 1181 2478 pertinentia
1195 2407 1359 2478 anquirendo

314 2499 403 2539 tomen
417 2489 470 2556 epit
480 2501 577 2558 poeto,
589 2489 612 2540 si
625 2487 677 2541 hoe
691 2507 815 2558 carmen,
859 2488 957 2558 reperi,
970 2483 1104 2537 nonnuliis
1113 2481 1206 2538 devitu
1217 2487 1360 2558 Propertii,

313 2568 410 2637 inquo
422 2566 500 2618 nium
516 2565 645 2618 librorum
661 2569 814 2639 montinio·
860 2581 916 2636 qun
932 2582 1028 2636 porum
1044 2562 1182 2632 expies-stu
1194 2564 1255 2616 viris
1273 2563 1359 2618 doctis

309 2645 417 2716 ficitur,
438 2643 513 2696 nullu
533 2644 640 2716 quidem
657 2647 814 2700 necessitate
859 2663 916 2698 esse
926 2639 1112 2710 animadverti,
1123 2642 1246 2715 adjectis,
1256 2645 1359 2696 curiose

312 2722 815 2794 cogente,seoundoinseruit.Hoeeine
860 2741 891 2775 oe
911 2720 1051 2794 diiigenter
1077 2740 1217 2794 exponere.
1245 2723 1359 2774 Primum

312 2803 407 2872 igitur,
420 2819 453 2852 nu
465 2802 554 2872 potius
567 2800 620 2853 hoo
634 2819 740 2854 carmen
750 2802 813 2855 oiim
858 2803 937 2874 igitur
950 2799 1027 2872 (nem
1042 2799 1106 2855 hino
1126 2799 1284 2855 ordiendum
1303 2803 1360 2873 est)

313 2883 340 2934 in
349 2879 418 2933 libro
426 2882 503 2932 tertio
512 2879 610 2932 ieotum
621 2881 712 2948 fuisse,
721 2893 813 2953 postes
858 2882 1011 2953 Propertius
1023 2882 1080 2953 ipse
1091 2879 1142 2935 sibi
1153 2882 1226 2934 testis
1240 2894 1279 2934 est
1293 2883 1361 2954 Cyn·

312 2971 414 3025 sutem,
429 2976 511 3032 quum
525 2958 634 3011 secundi
645 2977 740 3031 magns
751 2979 813 3032 pers
859 2958 941 3012 thiens
952 2979 1002 3034 per
1015 2961 1131 3032 quinque
1148 2979 1232 3013 anuos
1247 2958 1360 3014 fideliter

314 3037 501 3106 intercidisset,
520 3037 570 3091 hos
583 3037 651 3091 duos
667 3037 749 3093 libros
763 3059 813 3112 pro
859 3041 986 3094 amovisse
997 3037 1065 3108 (ΙΙΙ,
1078 3039 1126 3105 2⁵,
1139 3037 1189 3108 ³)=

312 3135 367 3170 uno
385 3115 490 3169 habitos
511 3133 568 3168 esse
588 3117 814 3172 existimabimus?
859 3147 1001 3206 Qffiqmfibp
1010 3145 1152 3204 pompm„
1159 3145 1248 3192 Qum
1255 3161 1327 3191 „m

313 3195 435 3263 decedit,
450 3195 524 3269 quod
536 3213 619 3248 unum
634 3208 674 3250 est
687 3199 755 3250 inter
771 3197 815 3250 iiio

313 3276 478 3348 fragmenta,
498 3273 588 3346 quod,
608 3293 691 3347 quum
709 3273 815 3344 iocum,

313 3357 357 3408 eoi
373 3353 500 3422 debetur,
514 3367 670 3426 argumento
682 3373 731 3409 suo
745 3354 815 3408 eiuro

313 3433 428 3499 indioet,
441 3435 620 3504 conjecturum
634 3447 753 3486 nostrum
768 3452 815 3486 uo·

313 3531 344 3565 re
361 3512 560 3565 confirmatione
579 3513 680 3565 intuto
692 3510 814 3564 ooiioeet.

314 3593 415 3664 Nempe
425 3589 453 3642 hi
463 3607 553 3644 versus
563 3589 603 3660 (ΙΙ
609 3629 618 3658 ,
635 3589 697 3662 ro)s

860 3237 916 3288 iioo
927 3255 1008 3308 qunrn
1018 3233 1123 3287 vidisset
1132 3232 1270 3302 Bennios,
1286 3235 1359 3292 hune

859 3333 976 3367 umorem
989 3313 1100 3365 fidenter
1115 3329 1185 3365 enno
1202 3313 1234 3365 U.
1249 3315 1278 3368 C.
1295 3317 1359 3371 Vor-

859 3395 970 3444 ronieno
987 3392 1038 3462 723
1057 3403 1083 3443 et
1103 3403 1217 3462 quotuor
1229 3390 1302 3445 huno
1319 3395 1360 3446 in-

860 3472 955 3522 secutis
968 3471 1124 3540 assignavit,
1141 3471 1294 3540 oosrjeotnrs
1311 3471 1360 3525 du·

860 3561 935 3614 etus,
957 3567 1037 3621 quom
1059 3549 1098 3599 rei
1121 3547 1281 3620 explicanda
1303 3569 1358 3605 nou

860 3627 984 3680 idoneam
998 3625 1064 3681 elius
1076 3625 1151 3680 iocus
1168 3627 1283 3682 ostendit
1295 3630 1358 3700 (ΙΙΙ,

314 3703 814 3764 διὰιιωριιιΙιιιιηηιΙϋεΙΙεΙὶωιιιοΙιοιώ,ειε.
864 3707 965 3780 16‚9)‚

315 3801 411 3876 quibus
419 3799 534 3874 puellum
544 3817 617 3852 suem
627 3801 683 3869 jorn
692 3800 754 3851 setis
764 3797 816 3852 sibi
858 3819 964 3860 nmen:
972 3815 1046 3868 met,
1053 3825 1075 3860 ss
1084 3825 1151 3862 sotum
1160 3833 1205 3862 mn
1215 3819 1285 3878 palm
1293 3822 1315 3868 in
1324 3837 1358 3866 sn-

315 3885 441 3953 sen'ptem
457 3890 564 3946 namet,
585 3895 627 3930 res
644 3875 678 3930 ob
694 3879 814 3947 Augusto
938 3891 1001 3928 num

314 3977 400 4032 gestos
429 3958 621 4026 celebreturutn
640 3960 814 4030 promittens,
860 3961 904 4031 qui
933 3977 1020 4012 sersus
1050 3959 1092 4012 isti
1119 3959 1220 4014 esicuio
1253 3981 1357 4016 omnent
