3128 4760
479 383 970 501 urucmuou
1045 409 1052 424 ’
1143 439 1148 446 -

317 671 621 818 LIBER
661 669 1124 823 TERTIUS.

567 1167 817 1266 ELEGIA
848 1171 884 1265 Ι.

519 1385 711 1453 mooun
734 1388 931 1456 munus,

612 1821 845 1862 cucumam.

246 1925 283 1986 ln
295 1923 459 1987 scribendis
471 1927 629 2016 umoribus
642 1931 780 2011 primum
795 1951 826 1991 se
838 1929 988 1991 Latinum
1005 1943 1128 2013 poctom
1141 1869 1254 2014 glorio·

206 2035 257 2086 tor
267 2042 345 2098 cccc,
357 2043 450 2105 quem
465 2023 551 2086 odire
562 2026 684 2088 Graecos
696 2027 800 2108 clegioe
811 2024 912 2090 fontes
926 2029 1015 2090 Musa
1032 2049 1087 2091 sua
1100 2029 1255 2105 docuerit;

206 2123 303 2184 teneri
316 2125 459 2184 carminis
475 2123 612 2206 palmam
625 2125 682 2186 sibi
696 2147 768 2188 cum
783 2125 897 2187 fiducia
915 2126 1068 2204 vindicot3
1085 2128 1254 2206 invidiam,

207 2237 371 2281 commune
381 2220 500 2282 malum
509 2264 518 2296 ,
528 2220 675 2306 despicit,
686 2242 756 2304 quae
765 2223 791 2282 si
804 2223 891 2283 vivos
901 2220 1031 2299 lacerat,
1043 2244 1166 2306 parcere
1175 2245 1255 2286 mor-

206 2314 268 2378 tuis
282 2317 409 2399 cogitur.
424 2315 470 2378 Ab
484 2337 559 2401 rogo
573 2319 657 2379 enim
669 2318 809 2380 accedere
822 2319 949 2400 ingenio
959 2319 1038 2378 vires
1051 2339 1159 2380 omncs
1170 2341 1254 2396 suas,

207 2427 238 2474 ct
249 2410 367 2495 majora
378 2412 450 2475 ferri
464 2415 608 2498 proeclors
620 2418 750 2477 nourina
760 2439 768 2476 ε
780 2418 822 2476 ita
834 2417 961 2477 Homeri
976 2413 1069 2478 altius
1081 2417 1115 2476 in
1131 2415 1196 2478 dics
1209 2416 1256 2478 fa-

207 2529 292 2570 mam
309 2529 484 2590 exsurgerc3
509 2513 552 2571 ira
573 2513 666 2572 ctiam
685 2511 742 2573 sibi
764 2512 951 2594 posteritatis
969 2511 1173 2574 adventuram
1193 2533 1256 2574 csse

208 2627 272 2667 non
285 2604 427 2668 fallacem
444 2605 565 2670 horam.
584 2608 641 2670 Scd
657 2607 722 2692 jam
738 2609 778 2670 ad
794 2603 1042 2670 amatoria'redit
1060 2609 1256 2694 Propertius,

208 2701 318 2786 puellae
329 2715 366 2764 ut
380 2715 528 2766 utemum
543 2707 610 2768 fore
625 2727 739 2770 nomeu
755 2707 914 2790 praedicet,
931 2728 1026 2789 quam
1044 2707 1254 2768 celebraverit:

209 2811 358 2860 exstructa
369 2818 460 2882 opero
470 2802 519 2862 vcl
528 2801 700 2866 firmissima
709 2802 894 2879 homiuum,
905 2803 1040 2887 templo,
1053 2804 1256 2887 Pyramidum

209 2894 322 2970 moles,
335 2894 451 2955 excidio
463 2895 545 2972 dari3
560 2911 764 2962 monumenta
772 2901 888 2988 ingcpii
898 2913 991 2975 stare,
1000 2921 1036 2961 ac
1046 2900 1163 2961 nescire
1173 2920 1257 2960 mor-

209 3003 281 3054 lem.

686 3127 802 3146 ι*-

257 3230 477 3344 Csuurmcur
488 3279 628 3358 Mones,
640 3289 674 3344 ct
684 3278 743 3344 Coi
755 3300 851 3346 sacra
861 3275 1015 3361 Philetas,

302 3387 342 3451 ln
353 3401 522 3468 vestrum,
535 3407 667 3479 quaeso,
680 3409 735 3455 mc
746 3389 845 3456 sinite
856 3391 904 3456 ire
918 3411 1049 3456 nemus

250 3590 273 3628 ¹.
289 3575 441 3632 Callimachi
453 3581 561 3650 Manes,
575 3593 626 3635 otc.
639 3581 711 3634 lnci·
755 3581 844 3636 ficatio
857 3582 966 3655 potitur.
977 3609 1013 3622 -
1022 3579 1141 3635 Philetas
1154 3577 1258 3651 (uomi-

211 3653 711 3727 pitapudhchmanuomarrmoun·
755 3676 832 3718 ustas
850 3666 906 3735 jam
930 3665 972 3732 11,
995 3661 1048 3731 34,
1076 3660 1147 3731 ³1),
1171 3660 1258 3732 patria

212 3747 275 3797 τως
288 3729 347 3787 vidc
358 3754 455 3808 supro,
470 3741 509 3806 11,
528 3757 576 3810 ιο,
592 3758 660 3794 1.-
670 3741 711 3794 Dc
756 3741 842 3809 Cous,
858 3743 1001 3814 elegiarum
1017 3751 1128 3806 auctor,
1144 3738 1259 3810 Philippi

214 3809 377 3869 Callimacho
390 3815 449 3869 vide
462 3818 500 3883 Π,
520 3837 547 3886 ι,
562 3819 607 3888 lo.
618 3850 653 3860 -
666 3820 713 3873 Sa-
757 3834 783 3874 ct
798 3818 939 3872 Alexandri
954 3836 1076 3884 coaevus,
1091 3815 1259 3870 Prolcmum

212 3907 257 3942 cra
267 3909 316 3962 pro
329 3891 455 3945 Manibus
467 3895 530 3967 ipris
541 3899 627 3969 posito
640 3911 711 3952 rccrc
756 3897 957 3971 Philadelphum
964 3895 1259 3952 iustruxitliteriwitle

211 3969 389 4026 Brouklrusias
414 3975 518 4046 accipit.
540 3979 597 4032 Hoc
620 3997 712 4034 conaus
757 3977 910 4032 Athenaeum
931 3975 999 4045 ΧΠ,
1024 3993 1066 4048 ²9·
1084 4005 1120 4018 -
1138 3975 1259 4038 Nemasf

213 4046 365 4119 iudicat,ct
377 4049 491 4124 plurima
500 4055 621 4110 vocabuli
632 4060 712 4128 signi-
758 4056 883 4127 scilicet,
913 4055 985 4131 quod
1020 4075 1087 4126 vos,
1114 4055 1176 4112 dum
1208 4057 1259 4110 vivi
