3128 4766
461 364 549 426 ran
574 361 730 428 runos
754 361 967 428 nroastu.
1200 384 1243 450 29

191 490 331 552 carmina
346 488 492 572 pleraque
505 486 725 546 contineantur
737 487 820 545 intra
834 486 972 567 spatium
989 503 1148 544 annorum
1160 487 1197 544 U.
1209 485 1243 544 C.

193 586 369 669 732—739,
387 583 511 644 videtur
522 583 701 663 Propertius
716 579 810 662 paulo
821 593 892 663 post
903 591 1044 640 mortuus
1057 599 1138 656 esse,
1153 580 1245 641 adeo·

193 705 254 764 que
263 683 448 743 vaticinium
459 677 600 762 Cynthiae
616 679 733 738 exitum
748 677 891 738 habuisse
903 677 956 751 lV,
972 699 1001 760 7,
1015 677 1071 757 93:

384 879 452 924 Nunc
461 888 484 922 te
493 875 627 938 possideant
635 873 685 920 alia
694 892 699 921 :
710 891 763 921 mar
772 873 824 920 tola
831 873 933 929 tenebo;

415 949 510 994 Mecum
519 949 578 1003 eris,
589 959 611 994 et
620 947 697 992 mixtis
705 943 797 992 ossibus
806 959 858 990 oasa
867 956 948 990 teram.

195 1107 336 1188 Namque
347 1107 372 1166 si
385 1107 564 1188 Propertius
574 1103 676 1165 adhuc
685 1105 806 1165 vixisset
816 1123 899 1162 anno
910 1115 1070 1184 sequente,
1084 1102 1246 1162 victoriam

195 1193 295 1262 Drusi¹
308 1203 347 1263 de
363 1199 477 1263 Rhaetis
496 1214 705 1284 reportatam,
729 1199 769 1260 ab
791 1198 920 1260 Horatio
935 1213 1000 1258 tam
1016 1193 1182 1279 magnifico
1199 1196 1247 1257 lu·

196 1297 382 1382 culentoquc
400 1299 537 1359 carmine
553 1299 625 1380 (w,
644 1292 679 1375 4)
698 1296 899 1372 celebratam,
919 1294 1042 1355 silentio
1061 1295 1247 1376 praetermis-

196 1415 283 1455 surus
297 1415 360 1456 non
377 1395 500 1470 fuisset3
514 1397 573 1456 nisi
585 1407 689 1455 tamen
704 1394 825 1476 aliquot
844 1393 968 1453 fortasse
982 1393 1120 1450 carmina
1135 1391 1169 1450 in
1185 1389 1249 1450 fine

197 1493 318 1554 Codicis
329 1492 411 1555 illius
423 1493 528 1554 detriti
541 1506 634 1575 atque
642 1493 771 1570 corrosi,
781 1491 836 1573 qui
848 1494 881 1550 in
889 1491 965 1552 cella
975 1491 1094 1550 vinaria
1103 1491 1249 1549 inventus

198 1589 276 1667 fuit,
291 1592 520 1674 longinquitate
532 1593 679 1674 temporis
693 1591 859 1673 perierunt.
873 1590 950 1666 Quae
966 1590 991 1647 si
1004 1585 1079 1648 falsa
1094 1599 1137 1647 est
1150 1589 1250 1669 suspi-

198 1687 261 1762 cio,
277 1687 407 1748 libenter
427 1688 571 1770 equidem
589 1688 749 1748 subscribo
767 1686 924 1748 sententiae
946 1685 1104 1760 Massoni,
1129 1685 1163 1744 in
1184 1685 1247 1744 Vit.

199 1784 304 1846 Ovidii
317 1789 350 1848 A.
367 1787 403 1846 U.
422 1787 482 1870 739
496 1787 674 1848 scribentis:
694 1788 885 1860 oCaeterum,
898 1781 1154 1865 quandoquidem
1177 1784 1250 1841 Pro·

200 1883 313 1962 pertius
324 1903 408 1942 anno
423 1885 578 1964 praeterito
592 1896 796 1965 postremum,
812 1881 896 1964 quod
915 1882 950 1939 in
962 1878 1026 1961 ejus
1041 1879 1188 1962 operibus
1202 1899 1252 1938 oc-

199 1978 308 2051 currit,
321 1997 447 2038 carmen
458 1980 605 2054 exaravit,
621 1993 656 2039 ut
669 1980 703 2038 in
712 1975 778 2058 ejus
788 1979 860 2038 Vita
874 1977 972 2036 fusius
985 1977 1250 2052 demonstramus,

200 2095 257 2135 nec
267 2073 355 2134 aliud
376 2089 433 2152 est,
449 2077 535 2160 quod
553 2078 591 2137 ad
610 2077 828 2158 subsequentes
843 2096 941 2137 annos
959 2075 1072 2148 referre
1085 2097 1140 2157 per
1153 2087 1250 2135 certas

200 2172 347 2253 temporis
367 2185 457 2232 notas
474 2171 576 2244 liceat3
593 2169 668 2232 hinc
689 2171 754 2253 ejus
776 2172 897 2232 obitum
918 2171 1047 2231 ulterius
1064 2169 1250 2252 protrahen-

202 2269 292 2344 dum,
305 2291 502 2352 nequaquam
513 2271 720 2344 arbitramur,
733 2272 883 2345 maxime,
896 2291 996 2355 quum
1006 2267 1251 2329 constethuncce

201 2379 325 2447 poetam
334 2365 401 2447 jam
418 2381 490 2426 ante
504 2367 620 2427 editam
632 2370 736 2428 Artem
754 2369 945 2427 Amatoriam
960 2366 1126 2426 decessisse.
1138 2391 1152 2419 u
1169 2367 1251 2424 Hinc

202 2464 297 2545 igitur
317 2477 402 2545 patet
422 2465 618 2546 Propertium
647 2465 816 2526 admodum
842 2460 990 2543 juvenem
1021 2484 1084 2522 esse
1107 2480 1251 2543 raptum,

201 2563 251 2620 cui
269 2563 313 2620 rei
325 2560 461 2622 uindicio
472 2582 596 2643 quoque
609 2562 725 2622 fuerint
736 2573 784 2623 tot
798 2583 833 2621 ac
846 2573 932 2621 tanta
949 2575 1045 2643 poeta
1060 2561 1154 2641 ipsius
1168 2561 1251 2619 testi·

204 2658 326 2733 monia,
345 2657 459 2737 quibus
475 2670 510 2717 ut
526 2657 714 2718 viridissimo
734 2657 810 2720 flore
825 2657 962 2741 ephebus
973 2659 1105 2741 passim,
1121 2678 1156 2717 ac
1170 2654 1254 2716 velut

204 2756 238 2813 in
261 2756 370 2837 primis
392 2753 494 2816 adbuc
519 2756 579 2816 illis
601 2757 812 2818 adolescentiae
827 2756 927 2836 fretis,
940 2779 959 2817 a
982 2777 1013 2817 se
1032 2756 1251 2839 depingitur3u

203 2853 289 2931 (quae
303 2865 376 2912 sunt
392 2851 485 2911 verba
505 2854 533 2912 J.
556 2856 667 2913 Dousae
692 2855 725 2913 in
744 2853 852 2914 Sched.
873 2853 1012 2932 succid.).
1027 2853 1118 2931 Quod
1137 2855 1163 2912 si
1182 2874 1253 2912 vero

204 2967 261 3031 pro
282 2962 366 3008 certo
389 2952 486 3009 teneri
517 2963 630 3031 potest,
656 2973 781 3012 carmen
806 2951 923 3011 Tibulli
950 2953 1105 3032 primum,
1128 2950 1252 3011 secund.

206 3045 434 3128 Ayrmannum,
452 3047 585 3108 incidere
597 3051 630 3106 in
641 3050 676 3107 A.
687 3047 725 3107 U.
738 3047 811 3130 723,
826 3068 888 3129 quo
901 3067 985 3107 anno
1005 3046 1134 3106 Messala
1149 3047 1255 3107 consul

205 3141 266 3202 fuit
275 3142 371 3223 (quod
383 3141 543 3203 heroicum
554 3164 679 3205 carmen
691 3153 751 3219 est)
760 3188 768 3218 ,
778 3157 808 3204 et
820 3163 902 3226 seqq.
915 3143 1042 3204 demum
1053 3145 1144 3204 annis
1159 3164 1256 3224 usque

205 3237 245 3298 ad
257 3240 291 3300 Δ.
306 3240 343 3300 U.
359 3259 417 3322 727
434 3238 548 3320 elegias
569 3241 684 3322 passim
702 3242 889 3322 compositas
912 3241 952 3299 ab
971 3240 1081 3301 eodem
1106 3240 1215 3314 fuisse,
1239 3262 1256 3300 c

207 3341 307 3396 nostr‘a
328 3355 484 3396 annorum
502 3339 739 3418 computatione
757 3337 850 3398 simul
871 3337 1044 3420 adparebit,
1065 3357 1163 3418 quum
1181 3338 1259 3396 Pro-

207 3434 295 3513 pertii
310 3433 451 3494 Crnrnra
465 3431 530 3513 jam
551 3439 585 3494 A.
604 3437 644 3494 U.
665 3433 724 3517 724
745 3435 826 3496 edita
842 3448 872 3496 et
887 3449 953 3497 toto
969 3435 1037 3498 foro
1051 3437 1129 3497 lecta
1146 3435 1256 3510 fuerit,

207 3529 352 3589 Nostrum
362 3549 427 3588 non
439 3526 554 3610 injuria
567 3543 726 3612 tamquam
739 3531 875 3614 primum
883 3553 914 3592 se
921 3533 1090 3615 jactitasse,
1101 3532 1156 3613 qui
1164 3531 1257 3612 elegis

206 3626 246 3687 ad
268 3627 449 3688 Graecorum
471 3626 646 3710 exemplum
668 3628 835 3688 scribendis
849 3649 977 3711 operam
995 3627 1118 3688 dederit
1131 3627 1206 3705 (lll,
1224 3647 1258 3702 1,

208 3719 323 3798 3-4),
342 3735 439 3803 poetar
460 3721 579 3782 famam
603 3743 673 3782 cum
687 3724 797 3804 primis
821 3723 987 3798 affectans,
1012 3721 1093 3805 quod
1115 3720 1257 3781 Tibullus

208 3836 270 3876 non
286 3814 524 3877 fecissevidetur
543 3817 598 3894 (cf.
619 3818 719 3897 Heyn.
741 3815 864 3878 Proefat.
889 3818 927 3879 ad
947 3817 1090 3895 'fibulis
1109 3817 1157 3895 d);
1175 3816 1258 3876 unde

208 3909 333 3974 fortasse
362 3912 455 3972 etiam
482 3933 582 3993 neque
609 3914 759 3994 Augusti,
789 3934 890 3995 neque
916 3913 1093 3988 Maecenatis
1119 3911 1258 3973 favorem

208 4011 353 4089 captavit.
368 4009 434 4082 Sic,
461 4023 494 4069 ut
516 4009 577 4070 hoc
598 4009 731 4088 addam,
755 4011 809 4072 diu
833 4025 904 4071 ante
925 4011 1071 4092 AEsopum
1094 4008 1198 4070 fabula
1219 4009 1258 4068 ab
