3128 4766
197 355 1228 386 mmmmfflmmmmfflmmwsmmm

469 573 593 672 tort.
614 587 746 676 ΑΝΤ.
771 586 967 676 VULPII

378 860 582 984 VITA
614 861 1056 989 PROPERTII

484 1153 723 1232 suenum
744 1171 954 1233 onsvron.

637 1451 818 1492 400-

201 1637 281 1732 Sex.
302 1670 466 1730 Aunssrusr
487 1671 589 1729 Puorr
612 1689 691 1728 rrurs
710 1671 743 1728 in
770 1690 804 1730 ea
827 1667 962 1730 Umbrio}
986 1672 1111 1752 regione
1137 1686 1245 1735 notum

200 1764 308 1840 fuisse,
321 1786 390 1847 quae
406 1765 479 1825 fines
488 1766 585 1846 Etrur
607 1766 773 1846 eproxime
786 1766 955 1846 contingit,
969 1781 1053 1826 certo
1068 1770 1197 1845 scimus3
1213 1771 1245 1830 id

200 1865 282 1922 enim
294 1883 330 1931 ex
340 1861 508 1944 elegiarum
516 1845 591 1942 ipsi¹
624 1861 803 1922 testimonio
815 1862 887 1922 setis
900 1873 1018 1922 constat
1026 1869 1046 1921 ¹.
1057 1863 1190 1925 Cuinam
1200 1879 1247 1926 to·

201 1979 270 2020 men
286 1957 422 2018 Umbriae
436 1956 641 2040 oppidorum,
656 1977 726 2038 quoe
739 1955 841 2017 adhuc
855 1971 1035 2038 supersunt,
1047 1961 1186 2041 egregius
1196 1959 1247 2021 hic

200 2056 274 2114 civis
288 2053 460 2136 adjudicari
474 2053 597 2115 debeat.
613 2054 744 2114 omnino
757 2055 909 2114 incertum
924 2068 977 2116 est.
992 2055 1132 2138 Plerique
1143 2057 1247 2119 Meva-

201 2165 321 2227 nutem,
340 2173 375 2212 ex
394 2151 536 2212 Mevania
561 2173 574 2210 s
594 2151 673 2211 :licet
689 2151 827 2210 Umbriae
845 2151 982 2234 oppido,
1007 2151 1098 2214 fuisse
1118 2169 1246 2216 conten-

200 2248 294 2322 dunt3
316 2249 472 2309 Ameriam
497 2247 565 2324 alii,
598 2247 728 2307 lonnulli
751 2247 914 2324 Assisium,
933 2247 1106 2330 Hispellum
1132 2249 1246 2331 aliqui,

199 2347 246 2406 vel
261 2347 445 2428 Fuginium‚
456 2345 504 2405 vel
518 2345 662 2424 Falsum,
673 2342 721 2404 vel
735 2343 923 2426 Spoletium,
936 2344 983 2404 vel
994 2347 1167 2421 Perusiam,
1181 2345 1246 2429 ejus

197 2445 330 2526 patriam
344 2443 463 2504 faciunt
470 2453 492 2502 ².
506 2443 559 2524 Eg.
593 2462 664 2503 voro
683 2439 816 2522 implexo
829 2439 1009 2521 hujusmodi
1021 2445 1140 2524 spineto
1154 2458 1247 2526 etque

198 2539 303 2600 odiosa
317 2561 440 2622 prorsus
452 2537 553 2600 declin
590 2557 607 2598 e
620 2541 731 2613 stutui3
747 2538 940 2620 nequeenim
955 2537 1033 2598 mihi
1046 2555 1246 2620 argumenta,

197 2658 265 2719 quae
274 2637 388 2719 singuli
398 2637 540 2698 adtuleru
569 2626 593 2710 ζ,
606 2657 660 2717 pet·
673 2636 771 2696 otium
785 2631 978 2696 considerare
991 2634 1086 2696 licuit.
1094 2637 1244 2697 Prteterea

197 2737 339 2818 iniquum
354 2733 480 2795 fortasse
493 2733 552 2794 fuit
568 2732 607 2793 ob
622 2731 749 2793 homine
763 2730 864 2792 alieno
877 2753 982 2793 causus
998 2731 1186 2794 Umbrorum
1196 2733 1243 2798 di-

198 2832 340 2914 sceptari,
363 2831 475 2912 quibus
498 2850 547 2890 vet
565 2831 724 2910 ingenium
742 2842 883 2912 superet,
898 2849 961 2910 quo
975 2850 1031 2889 sua
1044 2831 1159 2911 quiquo
1169 2828 1243 2910 jure

198 2941 319 2988 strenue
332 2925 517 3001 defendant,
530 2925 578 2987 vel
593 2927 691 2986 enimi
703 2925 888 3000 moderatio,
902 2921 941 2983 ad
956 2923 1022 2984 haec
1035 2927 1139 2985 minus
1152 2926 1243 2986 utilis

197 3025 409 3108 relinquenda.
424 3025 455 3084 Si
469 3025 554 3084 enim
567 3023 744 3104 Propertius
756 3021 872 3082 Umber
885 3035 946 3096 est,
964 3037 1001 3082 ut
1017 3035 1097 3083 certe
1109 3013 1176 3098 ost,¹
1188 3045 1244 3085 our

199 3123 262 3204 ejus
273 3121 426 3183 natalium
435 3121 549 3203 gloria,
558 3119 700 3182 civilibus
712 3121 784 3180 rixis
796 3120 987 3202 compositis,
999 3120 1033 3178 iu
1045 3139 1153 3184 omnes
1162 3120 1243 3202 pori-

199 3235 246 3280 ter
255 3219 388 3280 Umbros
400 3217 532 3278 derivari
546 3237 610 3278 non
622 3215 737 3298 possiti
753 3217 883 3296 (Moneo
894 3229 1000 3275 tamen
1010 3213 1162 3293 eruditos,
1174 3231 1242 3277 tum

200 3314 325 3375 demum
339 3335 443 3374 rerem
459 3327 556 3394 poetae
571 3315 670 3374 nostri
683 3311 816 3395 petriam
831 3307 982 3373 detortum
995 3313 1052 3386 iri,
1064 3333 1164 3394 quum
1178 3315 1242 3394 pri-

201 3433 287 3473 mum
309 3411 468 3494 inscriptio
486 3423 572 3471 vetus
590 3409 696 3492 aliqua
713 3409 875 3486 exstiterit,
898 3429 966 3490 quae
988 3429 1046 3469 nos
1068 3409 1191 3484 doceat,
1209 3429 1243 3470 ex

200 3530 263 3592 quo
278 3509 413 3570 Umbriae
432 3509 604 3590 municipio
622 3506 715 3568 fuerit
730 3507 874 3568 Passieno
887 3505 1014 3566 familie.
1029 3507 1106 3567 Sene
1124 3507 1245 3588 pervul-

201 3619 445 3688 gatesnnt‚quae
456 3604 561 3666 soribit
570 3603 707 3679 Plinius,
721 3603 806 3685 epist.
816 3605 875 3679 vt,
892 3603 946 3664 15:
964 3601 1147 3664 «Passienus
1154 3603 1244 3665 Poul-

202 3701 263 3775 lus,
283 3700 461 3785 splendidus
481 3720 571 3782 eques
586 3702 744 3761 Romanus
758 3712 788 3760 et
803 3698 946 3780 inprimis
968 3697 1123 3775 eruditus,
1138 3699 1245 3760 scribit

242 3891 263 3924 ι.
286 3873 352 3927 Vide
372 3861 417 3925 ttb.
442 3877 466 3939 l,
486 3873 550 3944 eleg.
571 3891 622 3940 πα,
648 3893 698 3926 sss.
781 3889 805 3925 2.
831 3871 897 3924 vids
917 3889 979 3924 mor
1000 3872 1128 3943 Propertii
1157 3875 1244 3926 Vitem

204 3951 296 4004 3-10.
745 3950 976 4021 Chronolopiesm.
