3116 4756
572 339 751 406 ELEGIA
775 341 871 405 xvl.

292 469 386 535 Actia
396 466 563 535 damnatis
575 490 712 561 aequora
723 467 894 537 militibus.

246 581 347 645 Hunc
356 577 490 645 infamis
501 601 597 645 amor
607 581 713 647 versis
725 577 805 648 dure
817 597 909 674 terga
921 586 1042 665 carinis

292 691 413 769 tussit,
426 705 460 757 et
473 707 622 757 extremo
634 713 785 783 quaerere
797 693 833 758 in
844 692 925 761 orbe
936 693 1060 788 fugam.
1211 711 1246 780 lo

245 801 384 866 Cesaris
396 797 470 868 haec
482 801 587 868 virtus
600 817 633 867 et
644 799 749 892 gloria
761 804 900 870 Caesaris
912 801 986 872 haec
997 822 1065 889 est;

294 906 369 992 Illa,
383 933 451 1003 quo
464 911 558 992 vicit,
572 909 720 978 condidit
731 933 825 978 arma
837 936 950 982 manu.

246 1014 310 1088 Sed
324 1040 556 1113 quascumque
568 1019 628 1087 tibi
640 1035 767 1102 vestes,
781 1045 1014 1118 quoscumque
1026 1026 1237 1120 smaragdos,

291 1131 427 1213 Quosve
439 1127 532 1196 dedit
543 1127 631 1196 llavo
643 1125 771 1197 lumine
782 1129 1026 1225 chrysolithos,

246 1243 327 1306 Haec
341 1237 473 1306 videam
482 1239 664 1332 rapidasin
676 1264 802 1308 vanum
814 1241 903 1309 ferre
914 1242 1094 1336 procellas,
1213 1259 1247 1326 45

291 1352 376 1437 Quae
387 1347 448 1416 tihi
459 1365 561 1430 terro,
573 1349 691 1432 velim,
705 1374 781 1444 quae
793 1349 853 1417 tibi
867 1351 927 1418 fiat
936 1377 1037 1448 aqua.

245 1463 321 1529 Non
331 1482 464 1552 semper
476 1457 629 1552 placidus
640 1458 797 1554 perjuros
809 1460 896 1530 ridet
906 1480 1058 1533 amantes

290 1570 461 1661 iuppiter,
475 1587 509 1636 et
521 1567 624 1638 surda
635 1567 773 1662 negligit
783 1593 866 1638 nure
877 1595 1006 1664 preces.

244 1678 384 1748 Vidistis
397 1697 467 1749 toto
479 1684 609 1749 sonitus
621 1703 819 1775 percurrere
831 1684 929 1768 caelo,

292 1791 514 1887 Fulminnque
526 1793 671 1862 aetherea
682 1792 860 1862 'desiluisse
871 1793 995 1864 domo?
1214 1813 1248 1866 5ο

244 1908 318 1972 Non
331 1903 404 1970 haec
416 1901 564 1972 Pleiades
577 1903 722 1990 faciunt,
736 1929 847 2001 neque
859 1931 1007 2000 aquosus
1020 1911 1142 1992 Orion;

291 2019 360 2082 Nec
374 2017 422 2083 sic
434 2014 476 2083 de
489 2014 594 2083 nihilo
605 2015 755 2098 fulminis
767 2020 816 2085 ira
828 2016 935 2087 cudit:

245 2120 400 2219 Perjuras
414 2141 496 2194 tunc
511 2124 567 2194 ille
579 2125 665 2196 solet
677 2129 797 2220 punire
808 2126 955 2220 puellus,

290 2239 455 2328 Deceptus
468 2232 627 2330 quoniam
640 2235 733 2305 flevit
742 2253 775 2304 et
785 2239 857 2330 ipse
870 2236 964 2305 deus.

244 2348 356 2431 Quare
369 2369 412 2412 ne
423 2343 483 2412 tibi
495 2347 538 2414 sit
549 2349 633 2414 tanti
645 2345 779 2416 Sidonia
791 2349 909 2432 vestis,
1213 2361 1247 2415 55

289 2459 337 2524 Ut
346 2459 483 2540 timeus,
499 2459 630 2552 quoties
644 2457 781 2528 nubilus
793 2463 915 2526 Auster
927 2457 1000 2526 erit.

196 2595 265 2649 Cum
282 2595 355 2649 inani
370 2596 486 2649 fremitu.
502 2596 630 2652 Damnata·
648 2603 700 2654 mi·
744 2620 796 2673 pro
806 2598 935 2654 desiluisse
945 2597 1046 2652 hebent
1058 2599 1179 2652 nonnulli
1189 2618 1248 2671 pen

198 2673 345 2747 lites3quoe
353 2677 442 2748 superi
450 2675 700 2733 condemnaverunt.
744 2679 1015 2750 peramcdticorum
1031 2675 1248 2749 interpolationes
1274 2663 1279 2674 ’

232 2757 276 2824 do.
291 2757 399 2828 Fuqam.
414 2753 481 2808 Vide
495 2757 546 2824 111,
562 2757 596 2822 6,
610 2759 653 2812 26.
744 2755 957 2811 Hemeterhnsius
983 2754 1077 2827 (apud
1102 2758 1245 2809 Burmann.

231 2832 275 2899 43.
289 2833 341 2886 Sed
352 2851 530 2907 qmscumque
542 2835 613 2888 dedit
624 2847 701 2891 vestes
743 2857 805 2911 pag.
817 2839 885 2909 940)
895 2837 1015 2900 disertis,
1028 2849 1058 2888 ut
1069 2837 1154 2904 solet,
1163 2840 1247 2891 retio-

196 2912 283 2964 rivslis
295 2914 344 2966 iste
358 2930 433 2964 meus
447 2913 493 2964 tibi
504 2912 627 2985 Cynthia.
743 2919 822 2972 nibus
836 2919 966 2970 confutet.
980 2917 1085 2970 Sortitus
1102 2936 1163 2970 oum
1182 2917 1247 2972 coelo

233 2990 275 3058 45.
291 2993 324 3043 In
339 3009 438 3044 sunum
448 2991 537 3064 ferre,
553 2991 697 3066 dissipare,
739 2999 850 3068 junctus
859 3009 952 3068 aperto
963 3013 1041 3048 sensu
1048 2997 1165 3048 tonitrua
1175 3009 1246 3050 sunt.

198 3071 309 3123 auferre.
330 3097 367 3110 -
386 3069 449 3140 Quoe
471 3069 517 3122 tibi
537 3081 603 3128 term
614 3109 624 3137 ,
647 3085 697 3124 etc.
745 3074 840 3129 Videre
854 3072 887 3126 de
899 3075 1002 3136 sonitu,
1015 3086 1046 3124 ut
1059 3092 1121 3125 mox
1129 3075 1249 3144 Noster,

196 3151 283 3204 Alieni
296 3152 319 3203 ei
334 3149 398 3222 quid
413 3161 536 3222 optarent
550 3152 651 3203 irritum
666 3167 698 3203 ec
744 3155 810 3224 eleg.
827 3155 878 3222 30,
896 3171 946 3225 ²7³
963 3153 1040 3206 «lilio
1052 3155 1175 3226 adspicies
1186 3174 1249 3208 sco·

198 3233 253 3284 sine
270 3231 358 3283 fructu
376 3227 497 3294 cederet,
518 3226 570 3281 hoo
587 3241 617 3282 ut
633 3231 699 3282 cinis
743 3235 814 3306 pulis
836 3232 935 3286 herere
957 3234 1084 3298 Sorores,
1104 3232 1137 3285 Et
1155 3252 1248 3294 canere

197 3323 299 3364 terrm
320 3320 368 3362 ent
392 3327 461 3380 equa
484 3307 574 3375 fleret,
598 3311 701 3380 precari
745 3314 847 3385 antiqui
866 3311 953 3364 dulcia
971 3311 1043 3364 furta
1061 3313 1165 3364 loric·
1181 3312 1249 3364 Per·

198 3389 313 3442 iot-mule
333 3401 397 3442 eret.
416 3387 516 3440 Tibull.
536 3389 564 3454 1,
585 3406 620 3458 9,
645 3405 672 3442 ιι
691 3411 698 3440 s
744 3411 845 3446 cum
873 3403 960 3444 eutem
985 3389 1106 3443 absolute
1131 3392 1249 3462 positum

200 3469 698 3540 cMunetibusmeusestcaptnepuer:
743 3471 929 3525 Lnohmsnnus
952 3469 1039 3522 firmet
1060 3469 1175 3522 Lucretii
1199 3468 1248 3520 nd·

198 3561 226 3600 et
238 3548 304 3601 dene
315 3547 359 3600 ille
370 3549 400 3601 ln
414 3548 530 3600 cinerem
542 3561 568 3600 et
586 3545 700 3620 liquidus
744 3547 799 3601 leto
815 3567 891 3602 versu
909 3548 949 3614 V,
965 3546 1054 3614 14062
1075 3568 1087 3593 ι
1101 3549 1134 3598 Et
1151 3548 1249 3616 superi

197 3645 306 3681 munere
317 3639 402 3681 vertet
412 3643 504 3699 equus.
516 3649 527 3674 ι
745 3626 862 3681 calamos
876 3645 947 3678 unco
966 3643 1122 3696 percurrere
1138 3623 1224 3677 labro.
1236 3649 1248 3674 ι

233 3708 277 3778 47.
291 3707 354 3759 Nou
365 3724 465 3778 semper
477 3704 559 3773 ridet,
574 3723 635 3757 cnm
647 3709 702 3760 risu
783 3706 826 3761 53.
838 3704 907 3772 Ille,
918 3706 1031 3774 Jupiter.

198 3783 451 3858 spectanplocidut.
782 3784 825 3838 55.
849 3784 923 3849 Tibi,
948 3779 1072 3852 Cynthia.
1093 3807 1130 3818 -
1156 3779 1191 3830 Ut
1213 3781 1251 3833 ti-

169 3909 172 3916 .
233 3865 278 3934 ⁴9.
298 3860 421 3926 Vidistis,
438 3874 489 3914 etc.
509 3861 618 3934 Optima
637 3864 702 3915 seri·
746 3879 831 3926 meas,
850 3860 949 3931 quoties
966 3856 1069 3911 nubilus
1084 3855 1181 3910 Auster
1192 3859 1251 3914 erit.
1310 3867 1314 3872 '

199 3955 278 4014 ptura
289 3938 487 3993 lsaeelibrornm
501 3943 635 4006 omnium,
651 3943 703 3994 nisi
747 3940 845 3994 Confer
862 3937 996 3991 iuvenalis
1017 3935 1051 3988 de
1069 3936 1190 3992 sontibus
1209 3936 1251 3992 lo·-

201 4020 273 4093 qnod
295 4022 322 4072 in
342 4021 445 4072 minore
469 4037 545 4073 versu
568 4019 703 4074 dissiluisse
748 4038 826 4085 oum,
840 4030 889 4072 set.
904 4017 978 4084 11111,
992 4013 1139 4068 223-226.

1051 4109 1089 4172 15
