3128 4766
309 380 329 444 6
411 401 416 412 ·
453 417 455 424 ·
628 376 889 442 PROPERTll
914 377 1024 441 VlTA

306 521 399 586 quem
411 500 540 584 Vulpius
553 499 652 560 Nostri
664 499 799 560 natalem
810 499 930 573 statuit,
945 517 1099 580 quemque
1107 499 1154 560 lo.
1167 497 1343 582 Christoplr.

306 601 453 676 Gallorur,
472 599 505 658 in
517 594 685 658 Haradbuolr
698 595 750 656 der
769 593 1051 670 Univomliistorie,
1066 617 1097 678 p.
1125 597 1156 673 l,
1176 617 1246 680 pag.
1267 597 1344 679 933,

304 697 427 778 utrique
446 706 563 780 poetae,
590 706 620 754 et
643 692 767 753 Tibullo
786 705 816 753 et
835 693 1015 775 Propertio,
1039 693 1175 754 vindicat
1190 697 1345 778 (namque

304 796 339 855 A.
352 795 397 855 M.
412 792 491 875 3926
504 791 612 852 incidit
632 793 665 852 in
683 793 716 852 A.
731 792 768 851 U.
783 790 817 854 C.
832 791 928 874 697),
947 791 1047 874 prima
1061 791 1164 854 fronte
1181 793 1346 876 praeferen-

173 881 179 894 ’
305 895 381 956 dum
394 891 581 976 quibusdam
594 890 694 951 videri
706 909 805 973 possa.
820 890 878 952 Sed
892 911 992 973 neque
1005 911 1064 952 nos
1076 893 1211 953 multum
1225 893 1346 954 aberra·

306 990 408 1051 bimus
428 1010 446 1049 a
469 1008 553 1049 vero.
573 987 702 1053 Ovidius
723 990 809 1048 enim
834 987 867 1046 in
886 989 974 1050 Trist.
994 991 1054 1064 IV,
1077 1009 1128 1065 ro,
1146 985 1345 1067 41-5l,'sic

221 1091 226 1102 '
305 1099 427 1150 enarrat
446 1097 583 1167 tempus
608 1095 768 1165 poetarum
792 1102 859 1145 {ero
884 1103 940 1146 suo
967 1084 1288 1162 celebratissimomm,
1310 1099 1346 1146 ut

306 1181 449 1258 Gallum,
469 1179 647 1260 Virgilium,
672 1177 846 1256 Tibullum,
870 1182 1049 1257 Horatium,
1076 1203 1143 1244 non
1171 1195 1237 1244 tam
1267 1184 1346 1243 inter

307 1265 439 1348 ἡλικὶὀκας
452 1292 482 1339 et
497 1277 590 1361 plane
601 1281 758 1358 ωγχρόνους
771 1275 846 1352 sibi,
862 1277 914 1338 sed
929 1278 1010 1338 inter
1020 1292 1180 1341 veteranos
1192 1302 1227 1342 ac
1246 1281 1347 1342 senio-

279 1411 287 1424 ·
305 1399 352 1440 res
368 1377 454 1459 quasi
467 1389 572 1458 poetas
595 1386 757 1436 recenseat.
771 1375 964 1456 Propertium
978 1395 1051 1436 vero
1066 1376 1178 1438 diserte
1187 1399 1231 1439 rs.
1247 1375 1287 1452 46
1303 1377 1346 1437 ait

190 1523 196 1528 .
305 1475 362 1535 sibi
376 1472 447 1555 jure
460 1472 595 1535 sodalitii
606 1471 750 1553 juncmm
763 1469 872 1548 fuisse,
884 1472 1148 1554 quomadmodum
1162 1474 1254 1534 etiam
1268 1474 1348 1534 Pon·

305 1572 398 1632 ticum
411 1585 441 1632 et
454 1573 593 1643 Bassum,
609 1567 811 1628 amicissimos
823 1569 983 1651 Propertio
1000 1582 1125 1643 nostro,
1140 1569 1242 1630 dulcia
1255 1567 1347 1630 refert

305 1668 463 1730 convictus
479 1667 525 1729 sui
538 1664 631 1726 fuisse
646 1664 805 1726 membra:

490 1848 609 1908 Temporis
618 1843 680 1892 illius
689 1843 750 1890 colui
760 1843 854 1908 forique
862 1855 957 1906 poetm

520 1925 631 1986 Quoaque
639 1921 736 1968 aderaut
745 1933 819 1976 retes,
828 1919 898 1968 rebar
906 1921 984 1968 ederae
991 1921 1057 1969 deor.

494 1994 559 2054 supe
567 2007 620 2039 sara
628 1989 733 2040 volueres
742 1991 798 2054 legit
806 1991 863 2038 mihi
875 1991 984 2054 grandior
992 2007 1053 2044 ero.
1110 1995 1116 2003 '

523 2064 628 2127 Quaque
637 2073 705 2110 neret
713 2077 821 2124 serpens,
833 2077 885 2124 que
893 2061 960 2125 juret
968 2061 1053 2121 Anba,
1067 2063 1154 2110 Macer.

492 2137 556 2194 Soepe
564 2149 617 2180 auos
625 2131 705 2180 solitus
713 2135 810 2180 recitare
821 2133 950 2196 Propertius
961 2136 1038 2197 ignes,

521 2205 579 2250 Juee
587 2203 687 2252 sodelitii
695 2204 737 2265 qai
745 2201 802 2250 mihi
808 2205 903 2265 junctus
911 2217 968 2252 eret.

491 2272 689 2334 Poptiaoheroo,
701 2275 786 2322 &usus
794 2287 888 2338 qaoque
896 2273 972 2327 clam·
981 2276 1059 2332 iambo

523 2343 604 2392 Dulcia
615 2347 734 2394 convictus
745 2344 849 2392 membra
858 2345 923 2392 luere
931 2349 984 2394 mei.

492 2417 521 2460 Ει
528 2415 601 2460 tenuit
610 2427 698 2462 norma
709 2427 845 2460 numerosus
856 2415 1054 2471 Horatiorum,

524 2485 585 2532 nm
595 2485 650 2532 fid!
657 2486 760 2533 Ami!
767 2487 868 2532 mim
876 2485 940 2534 cndu
948 2485 1006 2550 lyme

496 2554 619 2619 Vispilsirm
629 2555 676 2604 ridi
684 2567 787 2612 tamum
798 2571 842 2604 nee
853 2571 922 2609 arara
933 2556 1024 2608 Tibullo

521 2625 622 2688 Tempus
631 2629 736 2676 amicitie
745 2626 791 2674 latr
800 2627 886 2675 dedere
895 2643 959 2674 mee.

493 2696 667 2744 snoeeuorluia
675 2695 711 2744 Aio
719 2695 775 2754 tibi,
784 2697 866 2755 Galle,-
874 2699 1002 2761 Propom'us
1011 2697 1057 2754 illi,⁸

523 2767 625 2828 Qaertm
633 2767 664 2819 ab
671 2767 707 2822 hir
717 2771 777 2818 serie
786 2772 897 2832 impuris
904 2773 955 2833 ipae
963 2769 1005 2818 lui.

348 2951 506 3018 Cornelius
519 2951 624 3018 Gallus
637 2955 710 3016 totis
728 2955 818 3018 aunis
837 2957 875 3016 30
886 2957 1015 3036 (nempe
1028 2957 1063 3016 A.
1076 2954 1113 3016 ll.
1133 2953 1167 3015 G.
1185 2953 1262 3033 681)
1277 2965 1349 3016 aute

309 3048 457 3112 Ovidium
469 3063 577 3125 uatus,
594 3049 674 3114 obiit
688 3063 790 3112 morte
800 3031 983 3114 'voluntaria
995 3053 1029 3112 A.
1043 3051 1081 3112 U.
1094 3051 1128 3112 C.
1146 3051 1222 3134 728,
1241 3070 1347 3114 racuu-

308 3145 385 3210 dum
396 3145 540 3212 eumdem
556 3149 695 3222 llousam
715 3147 736 3210 l.
754 3169 780 3212 o.
797 3145 884 3229 ouius
906 3151 1038 3211 rationes
1057 3150 1148 3210 mam
1168 3151 1347 3210 Burmanno

309 3242 435 3326 probari
456 3241 547 3306 rideo
569 3244 608 3310 ed
625 3243 751 3308 Antlrol.
769 3247 836 3308 Lat.
858 3243 999 3306 Tibullus
1021 3245 1156 3308 nascitur
1177 3245 1346 3308 secundum

309 3341 448 3404 [louaam
465 3342 498 3416 A.
515 3341 591 3422 697,
607 3357 643 3404 ur
659 3343 739 3404 inter
757 3339 841 3403 huuc
858 3355 889 3404 et
904 3341 1031 3412 Gallum
1054 3342 1088 3402 ro
1104 3343 1179 3404 anni
1200 3341 1347 3425 interjecti

308 3436 386 3511 sint,
404 3436 596 3522 totidemque
616 3437 906 3503 denturintorvallo
920 3459 1017 3521 usquo
1038 3439 1077 3500 ad
1097 3439 1202 3500 Ovidii
1220 3439 1346 3500 natales.

308 3531 482 3612 Propertius
498 3549 601 3596 umen
617 3535 755 3598 successit
764 3531 907 3610 Tibullo,
928 3535 1006 3598 siout
1020 3535 1085 3616 ipse
1096 3533 1176 3596 Naso
1191 3535 1347 3618 Propertio

309 3641 425 3692 nomo.
445 3629 504 3692 Hic
530 3645 610 3693 oarte
632 3651 698 3692 uon
724 3631 886 3714 pauciores
907 3631 1037 3713 quamli
1060 3631 1108 3691 rel
1131 3632 1243 3692 Sanni
1268 3631 1347 3691 iuter

308 3737 473 3808 utrumque
487 3725 606 3792 adsumi
620 3748 710 3814 possa
724 3729 879 3792 ridentur.
891 3729 1067 3811 Propertius
1076 3746 1200 3808 quoque
1213 3729 1344 3810 propior

309 3821 410 3888 adhuc
423 3825 542 3890 Nasoni
554 3825 648 3891 fuisse
661 3826 758 3889 rideri
772 3828 886 3910 possit,
903 3826 979 3889 dum
994 3845 1026 3886 aa
1038 3822 1102 3906 ejus
1120 3823 1255 3886 sodalem
1273 3847 1345 3908 pro·

254 3947 261 3958 r
308 3917 426 3998 fitetur,
442 3923 526 4004 quod
544 3923 578 3986 iu
596 3922 753 3990 homiaem
768 3921 873 3988 multis
891 3922 979 3999 anuis
997 3919 1143 4002 majoram
1162 3941 1227 3986 nou
1246 3921 1345 3997 cadit,
