3116 4756
546 363 726 429 ELEGle
749 363 893 428 XVIII.

286 490 412 582 Turpis
424 491 576 558 Romano
589 487 741 582 Belgicus
754 514 812 558 ore
825 487 929 559 color.

239 596 292 666 Ilii
303 598 367 668 sub
380 601 477 667 terris
488 599 571 667 fiant
584 601 674 668 mala
685 599 792 668 multa
803 599 946 694 pueiiae,

286 713 369 796 Quoe
379 712 521 778 mentita
535 734 613 780 suns
625 712 725 780 vertit
736 715 850 806 inepta
862 719 995 780 comas!

238 824 288 899 De
298 843 369 905 me,
383 824 431 889 mi
443 837 533 890 certe
545 825 671 917 poteris
683 823 833 891 formosa
843 822 971 891 videri:

285 930 494 1000 Miformosa
506 948 559 1000 sat
569 935 663 1015 es,si
676 930 779 1000 modo
789 955 879 1026 soepe
890 933 995 1000 venis.
1212 945 1247 998 30

183 1103 189 1132 ¹
238 1044 307 1120 An,
323 1042 351 1107 si
363 1039 508 1109 caeruieo
521 1040 678 1136 quaedam
692 1065 753 1109 soa
766 1057 918 1140 tempora
932 1040 1010 1108 fuco

286 1152 454 1234 Tinxerit‚
467 1149 592 1219 idcirco
604 1149 727 1224 caerula
740 1151 849 1218 forma
860 1150 949 1219 bona
961 1155 1037 1218 est?
1060 1201 1063 1209 .

238 1264 352 1348 Quum
364 1260 424 1328 tibi
436 1285 499 1330 nec
511 1261 631 1344 frater,
644 1283 707 1328 nec
720 1263 762 1328 sit
773 1259 832 1328 tibi
844 1259 934 1328 filius
946 1259 1052 1342 nlius,

284 1375 401 1440 Frater
415 1395 477 1464 ego
492 1388 526 1440 et
537 1369 596 1450 tibi
610 1373 672 1440 sim
688 1369 776 1439 fllius
789 1394 878 1438 unus
891 1395 964 1464 ego.

240 1485 317 1575 Ipse
329 1498 407 1554 tuus
423 1506 557 1576 semper
569 1482 630 1560 tibi
645 1487 689 1552 sit
701 1479 853 1556 custodia
864 1479 991 1564 lectus,
1210 1496 1246 1550 35

285 1599 355 1662 Nec
366 1596 466 1662 nimis
479 1610 597 1666 ornata
609 1594 720 1663 fronto
731 1591 849 1662 sedere
861 1592 957 1662 velis.

238 1703 381 1772 Credam
393 1729 455 1798 ego
468 1709 634 1788 narranti,
647 1704 716 1772 noli
729 1706 953 1786 committere,
965 1705 1081 1774 famae

286 1820 328 1883 Et
338 1831 463 1883 terram
475 1839 592 1884 rumor
603 1815 748 1884 transilit
760 1832 794 1884 et
804 1818 919 1884 morio.

193 2035 242 2070 nec
253 2015 322 2071 bene
333 2031 453 2088 constat,
463 2039 514 2074 nec
525 2019 693 2093 diligentins,
737 2023 894 2074 sententiam
903 2019 958 2086 hie,
969 2019 1008 2071 De
1017 2037 1059 2071 me
1068 2020 1108 2072 mi
1119 2030 1204 2082 σοντες
1216 2021 1245 2072 in

194 2110 224 2150 ut
241 2100 314 2170 parvi
333 2099 431 2167 refert,
448 2102 628 2172 inquiremus;
648 2100 695 2153 sed
738 2100 770 2152 iis
789 2119 871 2166 vero,
887 2117 943 2172 qua
962 2111 1126 2169 sequuntur,
1145 2096 1246 2169 aliquid

194 2190 322 2249 qnantum
332 2177 517 2249 intelligimus,
530 2177 695 2232 dIversadno
740 2175 902 2244 desiderari,
925 2195 1008 2246 quum
1028 2175 1163 2229 debuisset
1181 2177 1246 2228 Pro·

194 2269 271 2308 sunt:
285 2255 353 2310 flavo
364 2257 453 2310 coIore
462 2297 470 2324 ,
480 2259 501 2312 ei
513 2261 565 2326 ris,
577 2257 696 2330 tingebat
739 2257 840 2327 partius
854 2253 904 2307 eibi
919 2255 960 2307 vel
975 2256 1126 2308 inornatam
1141 2254 1247 2327 placere

194 2333 245 2387 eibi
264 2335 374 2406 capillos
388 2335 516 2410 Cynthia;
533 2339 596 2396 Ioco
611 2355 696 2390 ceru-
740 2334 879 2408 Cynthiem
891 2334 989 2387 dicere.
1001 2333 1089 2387 Scribe
1101 2337 1180 2408 igitur
1186 2337 1246 2408 ipso

192 2415 236 2467 Ieo
249 2428 385 2488 tempora,
397 2415 450 2470 hoc
464 2430 519 2484 est,
535 2435 614 2469 venas
628 2429 697 2469 tem·
740 2413 909 2467 Lachmanno
923 2425 1052 2467 anctore:
1068 2415 1197 2480 «Deme,
1210 2415 1246 2466 nri

193 2512 299 2565 porum.
314 2494 476 2562 Germanos,
495 2497 621 2563 Batavos,
633 2495 697 2550 elias
738 2511 788 2566 per
800 2503 825 2546 te
835 2496 934 2566 poteris
946 2493 1063 2548 formose
1074 2493 1165 2546 videri.
1179 2518 1191 2540 ι

194 2585 285 2642 gentos
309 2571 375 2640 hee,
396 2575 495 2646 passim
520 2575 698 2648 comperimus
776 2573 820 2642 37.
839 2573 906 2627 Noli
928 2572 1097 2626 committere.
1113 2571 1183 2624 Male
1201 2573 1246 2624 in-

195 2649 227 2702 dc
248 2669 322 2704 more
343 2653 428 2722 pictas
450 2671 523 2716 esse;
540 2653 649 2706 inficere
669 2671 696 2705 se
741 2663 921 2722 terpretantnr
939 2650 1005 2704 Noti
1020 2669 1147 2724 peccare,
1167 2649 1247 2703 abso-

194 2729 331 2783 Britannos
347 2731 414 2782 vitro
432 2731 541 2804 (lingua
560 2745 651 2784 nostra
673 2731 698 2784 10
741 2726 798 2780 loto
812 2747 890 2782 sensu
903 2732 1021 2800 positum
1033 2731 1174 2801 opinantes
1184 2749 1245 2782 ver·

194 2807 296 2880 pascet)
318 2809 406 2862 Cesar
427 2813 546 2878 notavit,
567 2809 601 2862 de
624 2811 697 2866 Bello
741 2805 805 2867 bum
826 2811 1006 2869 commutem
1028 2808 1097 2861 sed:
1114 2808 1245 2875 Garrnie,

195 2883 262 2938 Gali.
277 2889 316 2954 V,
337 2887 377 2955 14.
741 2888 845 2959 inquit,
865 2889 933 2939 fania
949 2899 1003 2952 ειη
1022 2887 1077 2940 noli
1093 2889 1168 2940 Iamo
1179 2907 1246 2940 con-

233 2983 274 3036 ²9·
295 2969 336 3020 De
353 2987 411 3035 me,
433 2965 507 3039 qnod
525 2963 560 3019 de
578 2986 621 3019 me
638 2981 696 3034 eet,
742 2964 832 3020 fidere·
843 2966 1001 3019 -I'errom¹
1015 2967 1105 3020 Scribe
1116 2981 1247 3034 eerras‚ut

197 3045 270 3116 qnod
281 3047 314 3099 de
330 3066 373 3100 me
389 3048 453 3100 scio.
472 3076 508 3088 -
529 3048 610 3100 Certe.
628 3050 698 3100 Vere
742 3061 803 3099 oum
816 3058 943 3116 sequente
955 3044 1052 3117 plurali
1064 3047 1148 3100 marin
1159 3058 1246 3099 coeat.

195 3123 381 3179 hchmannns
394 3125 534 3194 observat,
551 3125 699 3180 redundare
742 3128 862 3201 Gupetue
874 3131 986 3183 monuit.
