3128 4760
319 315 383 382 sse
603 311 864 378 rnornnru
891 313 976 378 ure.
1004 314 1072 398 111,

359 450 407 513 Ac
418 445 565 536 primum
576 465 663 534 pure
677 464 834 508 somnum
846 440 907 508 tibi
919 439 1047 510 discute
1061 439 1217 537 lympha,

407 558 449 621 Et
460 550 582 621 nitidas
595 573 713 644 presso
723 549 845 643 pollice
856 549 945 644 linge
954 575 1077 620 comas.

358 667 460 745 Dein,
473 685 541 756 que
554 663 700 755 primum
712 658 829 729 oculos
840 663 959 754 cepisti
970 677 1062 730 veste
1076 666 1243 756 Properti,
1327 677 1356 729 15

405 769 529 852 lndue,
542 793 605 840 nec
617 793 761 837 vacuum
772 768 856 838 flore
869 768 1022 864 relinque
1034 786 1154 863 caput3

360 889 402 950 Et
413 897 507 975 pete,
520 904 586 974 qua
599 877 707 972 polles
717 931 726 961 ,
738 895 777 946 ut
788 881 830 947 sit
841 878 900 946 tibi
911 878 1019 947 forma
1029 881 1206 972 perennis,

405 996 514 1087 loque
526 1014 640 1060 meum
652 1013 786 1084 semper
797 1007 887 1060 stent
897 1007 955 1058 tua
965 989 1070 1083 regna
1080 1009 1192 1084 ceput.

311 1219 376 1270 tium
401 1232 529 1268 annornm
555 1209 705 1266 felicitatem
732 1215 812 1267 susci-
859 1229 935 1264 enon
945 1212 989 1266 illa
1003 1212 1067 1266 milri
1078 1213 1219 1266 formosior
1229 1231 1355 1286 umquam

311 1299 374 1368 piet.
386 1316 397 1342 s
410 1292 461 1348 Sed
470 1292 566 1368 quibus
578 1292 721 1363 respondet
730 1291 812 1344 Lech·
857 1291 934 1356 Visa,
950 1310 1036 1364 neque
1051 1293 1150 1344 ostrina
1165 1309 1245 1363 quum
1262 1293 1312 1346 fuit
1327 1295 1355 1344 iu

309 1391 437 1438 mannus,
446 1371 605 1435 debita,non
607 1373 694 1442 justa,
705 1367 769 1421 deos
776 1369 810 1421 ab
855 1375 959 1437 tunice,
975 1373 1033 1426 lbet
1047 1385 1077 1425 ut
1095 1373 1158 1426 hinc
1171 1387 1249 1426 ceste
1263 1393 1354 1428 narre-

308 1449 461 1505 hominihus
473 1467 597 1520 poscere,
613 1450 747 1519 scripturn
763 1449 810 1518 igi-
856 1461 911 1502 tum
922 1453 1023 1504 somnia
1034 1452 1136 1522 Vesta,
1151 1456 1209 1506 Neu
1222 1453 1355 1519 sibi‚nene

308 1547 351 1586 tur
362 1534 446 1585 Inesse
459 1531 564 1595 villum,
577 1527 649 1600 quod
664 1525 741 1580 facile
756 1525 808 1578 tol·
855 1530 918 1584 mihi
939 1551 996 1604 qum
1012 1534 1133 1586 nocitura
1150 1534 1250 1598 forent,
1263 1559 1274 1584 s
1289 1547 1354 1588 nota

277 1641 280 1646 ·
307 1607 386 1664 limas
406 1610 467 1661 itas
489 1605 609 1675 «Surge,
626 1616 652 1656 et
669 1602 808 1676 poscenti&
850 1609 905 1662 leno
915 1622 989 1662 erat:
1005 1613 1155 1666 tEttamen
1163 1612 1208 1672 illo
1222 1614 1280 1685 ipso
1294 1626 1356 1666 tem·

303 1693 376 1762 jum
385 1703 495 1760 pidem
504 1683 578 1736 (leot.
590 1707 601 1731 Ι
613 1683 810 1754 Delpowlmmr
851 1705 933 1758 pore,
951 1706 1005 1760 quo
1022 1687 1054 1740 nd
1073 1689 1160 1742 vesi&
1177 1687 1305 1761 templum
1325 1692 1353 1743 in

298 1772 385 1840 justa,
404 1765 507 1836 inquit,
527 1776 558 1813 ut
573 1759 650 1814 Silius
666 1762 719 1828 IV,
736 1760 805 1830 793:
851 1768 940 1820 tunica
963 1785 1099 1840 purpurea
1120 1770 1218 1833 iverat,
1239 1772 1354 1840 primum

308 1873 320 1896 ι
329 1851 389 1900 Heu
397 1848 488 1919 prime
502 1841 630 1896 scelernm
642 1859 727 1893 causer
737 1859 807 1893 mor·
853 1845 943 1898 ocellis
954 1848 1007 1899 suis
1018 1861 1162 1900 amatorem
1173 1861 1291 1919 ceperam
1302 1850 1354 1902 nisi

305 1923 402 1979 talibus
429 1924 520 1994 egris,
548 1922 678 1972 Naturam
706 1921 807 1972 nescire
852 1925 921 1977 torte
935 1942 984 1978 nos
1004 1929 1158 1997 conjecture
1178 1925 1245 1979 fallit
1263 1945 1295 1980 ex
1312 1927 1353 1981 lris

304 2005 399 2058 deum!
413 2005 487 2056 Iusta
498 2003 533 2054 ite
549 2002 651 2071 precari
662 2001 732 2054 Tere
744 2002 807 2071 pio,
851 2003 969 2056 versibus
981 2003 1074 2070 ducta,
1090 2004 1186 2076 quibus
1199 2004 1316 2076 puellum
1325 2009 1352 2059 in

307 2081 459 2154 cedamque
481 2080 553 2132 leros
574 2079 683 2136 avertite
703 2079 777 2130 ritus.
791 2102 803 2125 ⁸
852 2081 1041 2152 eedemreste,
1058 2103 1110 2158 qna
1130 2087 1289 2157 septimum
1307 2103 1353 2139 ce·

305 2161 429 2229 ovidius,
441 2159 548 2212 Metam.
556 2157 629 2224 XIII,
641 2155 710 2224 466:
724 2157 806 2210 «Este
849 2163 936 2230 perit,
951 2172 1090 2232 precatam
1111 2163 1149 2214 ire
1164 2161 1240 2233 jubet
1251 2184 1257 2214 s
1268 2163 1352 2230 Dein,

303 2239 411 2314 procul,
428 2240 527 2312 sijustn
535 2247 752 2309 peto,tactnque
765 2239 805 2288 vi·
849 2257 901 2309 qua
925 2241 1042 2309 primum
1064 2239 1153 2304 oeulos
1175 2241 1264 2313 cepisti
1285 2253 1352 2294 veste

304 2320 366 2374 riles
383 2317 509 2390 Virgines
526 2327 659 2368 removete
675 2331 802 2366 manns·
824 2339 829 2351 ·
850 2318 985 2389 Properti,
998 2318 1098 2384 Indus,
1109 2335 1156 2370 nec
1167 2319 1351 2397 vacunrnflore

343 2398 384 2452 13.
400 2396 441 2450 Ac
458 2395 575 2467 primum
593 2411 678 2466 puro,
700 2404 748 2446 etc.
766 2393 806 2443 Ac
850 2392 968 2468 relinque
978 2407 1074 2467 σειραῖς
1087 2396 1125 2449 Et
1136 2407 1211 2468 pete,
1229 2418 1281 2472 qna
1289 2397 1351 2470 pol·

303 2481 437 2554 primum,
461 2477 565 2545 inquit,
587 2471 685 2526 ocellos
709 2490 804 2524 somno
850 2472 898 2542 les,
911 2477 985 2528 nteit
997 2475 1042 2528 ts'li
1054 2475 1290 2550 jammonensis,
1303 2479 1351 2531 In·

301 2575 392 2630 graves
418 2551 515 2620 ablue,
540 2563 567 2603 et
588 2548 676 2602 nitidis
701 2550 804 2621 capillis
848 2569 900 2623 qne
913 2571 1000 2606 meam
1010 2549 1116 2623 'semper
1128 2565 1194 2608 stent
1212 2566 1256 2610 tua
1272 2573 1349 2630 repra

301 2632 384 2688 redde
392 2633 506 2686 formem
515 2645 599 2682 susm.
612 2629 662 2680 llea
676 2625 804 2682 hebemus
848 2642 953 2702 caput·
972 2631 1090 2699 Scilicet,
1108 2632 1160 2686 hoc
1179 2634 1262 2688 rideri
1278 2655 1350 2708 qun-

300 2713 346 2766 lsic
360 2713 461 2784 positas
477 2707 549 2761 haud
563 2706 740 2772 dubielerest
758 2707 804 2760 sed
848 2709 958 2764 rendum
980 2729 1074 2782 posse,
1088 2715 1223 2786 quomodo
1238 2715 1349 2788 Cyutltiu

302 2787 415 2862 puerilis
430 2787 488 2860 quis
497 2803 609 2860 puerum
620 2787 745 2838 Amorem
756 2786 803 2840 tle·
847 2791 905 2860 ipso
917 2787 959 2841 slie
972 2807 1026 2860 quo
1038 2791 1348 2866 Propertiumleepiebst,

300 2888 360 2923 cere
379 2886 434 2921 non
450 2865 563 2920 sentiat?
575 2865 604 2917 ln
621 2867 709 2938 priore
726 2885 802 2920 versu
846 2867 883 2918 ire
899 2865 932 2918 nd
945 2870 1051 2920 vesum
1068 2869 1182 2922 voluerit
1196 2883 1348 2943 precatum,

301 2947 426 3001 discutere
449 2963 570 2998 somnum
600 2941 710 3015 lympha
735 2945 803 2999 male
845 2945 1348 3026 Neusibinevemilsiqnoenocinsmfo·

300 3029 464 3081 Burmannus
476 3025 589 3096 occipit:
606 3047 617 3069 ι
627 3025 681 3078 vise
695 3038 802 3078 noctur·
846 3037 911 3080 rent.
925 3025 976 3080 Sed
992 3027 1134 3084 difficultas
1147 3030 1233 3082 inanis
1247 3043 1302 3098 est,
1320 3033 1347 3086 in

300 3124 352 3171 ne,
363 3106 386 3157 si
397 3101 462 3177 quid
472 3103 540 3156 forte
549 3105 644 3156 sinistri
652 3121 683 3156 ee
695 3117 800 3176 porten-
845 3123 898 3178 qun
913 3104 979 3160 ludit
991 3109 1032 3158 vir
1047 3105 1156 3173 doctus,
1175 3122 1201 3161 et
1216 3111 1348 3182 conjectu·

299 3183 412 3252 derunt,
431 3186 554 3257 expiere,
573 3182 680 3258 lympha
702 3183 800 3238 fluviali
844 3203 900 3238 ram
917 3203 971 3238 uno
986 3185 1067 3240 verbo
1083 3184 1162 3259 plane
1174 3185 1345 3244 discutimus:

298 3263 340 3320 vel
352 3265 463 3318 fontana
474 3261 576 3317 diluere
585 3276 611 3316 et
619 3263 761 3318 lustrare·
844 3261 952 3318 ubinam
976 3263 1026 3318 hac
1050 3264 1134 3335 elegis
1161 3280 1253 3319 nostra
1278 3281 1346 3320 tem-

336 3343 379 3398 15.
401 3341 528 3394 Pn'mum.
552 3343 602 3394 Pro
625 3361 678 3414 qno
696 3341 799 3414 pridem
842 3342 917 3415 plnm
931 3347 1015 3397 Vestae
1026 3341 1138 3396 dicitur?
1151 3344 1259 3396 ubinam
1273 3347 1346 3420 Cyn.

297 3419 493 3489 Broukhustus,
512 3419 725 3495 precedentibus
742 3419 800 3485 hie,
843 3419 1344 3494 tbitediclturvestispurpurealvides,

264 3561 268 3571 ι
301 3505 360 3556 ..Ae
375 3502 490 3574 primunt
502 3517 598 3570 pum.-
614 3497 662 3552 sed
677 3497 729 3550 hoc
743 3511 800 3551 erat
842 3503 871 3553 in
900 3516 1012 3574 utroque
1039 3500 1100 3554 loco
1123 3503 1265 3573 significari
1289 3525 1344 3561 non

297 3580 382 3636 nihili.
400 3582 451 3632 lles
466 3581 584 3652 gravior,
596 3590 675 3648 eaput
691 3575 732 3630 bis
750 3595 797 3630 ex·
842 3597 924 3632 unum
945 3579 1033 3646 diem,
1054 3579 1100 3634 sed
1117 3580 1234 3636 diversos
1256 3583 1342 3638 dues:

289 3675 380 3740 ⁸tremo
399 3676 476 3710 rersn
492 3659 608 3728 positum
624 3654 744 3709 versibus
766 3657 797 3710 16
843 3657 953 3714 nlterum
964 3660 1276 3733 rossemannum&
1285 3684 1344 3720 nat·-

208 3775 213 3784 -
296 3755 322 3794 et
339 3735 795 3809 18.anlrmeunnsnonimprobat:
841 3751 926 3794 ratum
943 3739 1022 3794 Vera
1035 3743 1212 3806 somniantur
1229 3744 1342 3798 alteram

293 3818 359 3874 milti
377 3836 453 3872 secus
471 3815 591 3882 ridetur,
616 3829 642 3869 et
662 3819 797 3890 repetitio·
841 3837 897 3873 esse
922 3818 1008 3885 hunc,
1031 3838 1110 3894 quem
1136 3821 1213 3892 dicit,
1234 3825 1341 3892 mein,

295 3901 335 3952 nis
350 3899 441 3950 sitium
455 3908 529 3948 noto.
540 3895 668 3950 Ceterum
680 3895 795 3968 ejusdem
839 3917 893 3972 qne
913 3899 1030 3970 primum
1052 3899 1141 3957 cessim
1164 3903 1252 3976 eepr’sts‘
1270 3917 1341 3976 reste

294 3975 457 4029 helimanni
469 3973 504 4026 sd
519 3973 617 4026 librum
631 3975 668 4042 11,
683 3991 731 4044 29,
746 3973 795 4042 25,
838 3977 972 4048 Properti,
985 3975 1099 4032 ludne-
