3122 4756
545 574 793 669 ELEGIA
828 575 962 670 XIV.

599 817 660 880 ro
683 814 922 910 runmnu.¹

697 1059 806 1072 *a

266 1229 391 1292 Tullum
413 1234 446 1292 in
468 1231 540 1293 villa
563 1253 617 1293 sua
638 1231 791 1315 quidquid
812 1231 929 1293 deliciae
945 1231 1057 1314 juvent
1078 1245 1108 1292 et
1127 1233 1280 1316 quidquid

227 1330 459 1410 magnificentia
477 1329 553 1408 loci,
569 1332 654 1392 bona
673 1331 851 1413 Propertius
874 1343 966 1411 negat
987 1343 1041 1391 aut
1060 1351 1121 1391 csse
1143 1329 1280 1408 divitias,

227 1445 298 1506 quae
313 1429 429 1510 possint
443 1429 541 1490 emori
559 1428 754 1488 contendere.
764 1428 863 1488 Detur
876 1428 933 1489 sibi
948 1425 1092 1510 Cynthius
1108 1427 1171 1488 frui
1190 1427 1280 1488 blan-

229 1523 327 1584 ditiis:
340 1523 482 1584 Pactolus
493 1521 554 1584 boo
570 1525 642 1598 erit,
656 1544 692 1584 ac
705 1544 797 1606 supra
810 1545 919 1604 regum
933 1523 1131 1605 splendorem
1146 1525 1281 1585 fortuna.

228 1623 372 1698 Utinam,
387 1620 486 1682 donec
502 1623 669 1699 amaverit,
689 1621 803 1704 gaudia
818 1621 885 1682 baec
901 1643 955 1682 sua
973 1623 1134 1682 maneant!
1150 1624 1186 1681 In
1200 1623 1280 1682 divi·

229 1721 280 1780 tiis
301 1719 381 1780 male
402 1733 486 1781 tutos
508 1723 656 1796 cruciari,
674 1721 788 1804 quibus
808 1720 934 1782 adversa
955 1721 1068 1781 insistit
1084 1723 1188 1782 Venus
1208 1744 1214 1779 :
1234 1720 1280 1781 fs·

229 1832 321 1878 vente
338 1839 389 1892 ea,
407 1815 468 1878 sibi
481 1815 529 1878 vel
544 1839 638 1898 regna
651 1818 776 1901 despici.
1355 1803 1359 1816 ¹

701 2000 811 2018 *a

279 2085 349 2194 Tu
361 2125 439 2195 licet
450 2126 601 2222 abjectus
614 2127 773 2196 Tiberina
784 2127 931 2196 molliter
943 2129 1034 2198 unda

324 2237 443 2306 Lesbia
454 2243 630 2307 Mentoreo
641 2241 718 2306 vina
731 2237 826 2307 bibes
838 2263 957 2332 opere,

279 2351 321 2414 Et
331 2347 432 2416 modo
447 2365 515 2417 tam
528 2348 654 2450 celeres
667 2352 796 2418 mireris
809 2373 945 2419 currere
956 2349 1090 2432 lintres,

325 2463 367 2526 Et
378 2459 562 2550 modoltam
576 2461 688 2528 tardas
700 2460 838 2528 funibus
850 2465 898 2529 ire
910 2478 1017 2544 rasse,

280 2573 321 2636 Et
332 2593 453 2639 nemus
466 2595 567 2638 omne
579 2587 668 2640 satas
679 2570 831 2639 intendat
843 2575 965 2640 vertice
977 2571 1091 2653 silvas,
1268 2583 1283 2636 5

326 2681 474 2772 Urgetur
485 2681 620 2774 quantis
632 2683 802 2749 Caucasus
813 2680 991 2748 arboribus
1006 2707 1013 2746 :

274 2901 424 2955 r.Tiberina
433 2901 736 2968 unda.Videnot.ele,
781 2906 866 2956 fessus
876 2916 964 2957 temen
975 2917 1028 2968 est,
1042 2919 1187 2974 numquam
1201 2919 1229 2954 se
1243 2899 1284 2954 bis

234 2985 266 3050 3,
280 3001 319 3036 to.
328 2982 369 3034 Ad
379 2982 487 3035 Tullum
496 2984 577 3055 igitur
583 2986 611 3034 in
618 2983 679 3034 villa
689 3001 737 3037 eun
783 2983 820 3034 uti
833 2995 945 3054 propter
958 2979 1143 3034 verecundiam
1156 2996 1281 3032 ausum.»

234 3061 385 3134 bacelegis
396 3059 738 3133 arripuerenetutlovi-
819 3061 843 3114 3.
875 3063 996 3127 Currere,
1024 3059 1165 3112 decurrere
1197 3059 1286 3112 lintres

234 3140 269 3195 de
285 3143 415 3213 Propertii
430 3143 518 3194 Vitam
533 3139 661 3193 Chronol.
674 3157 736 3192 ann.
782 3159 868 3212 prono
895 3140 1019 3206 flumine,
1047 3151 1073 3192 et
1097 3138 1206 3192 adverso
1233 3157 1282 3202 eo,

235 3221 461 3292 ple-bebium
472 3221 563 3272 vinum
575 3221 638 3272 satis
651 3221 738 3271 memi·
783 3239 850 3292 quse
861 3219 937 3272 mule
948 3219 1054 3273 trabunt
1067 3219 1189 3286 funibus,
1200 3219 1286 3272 tardas

234 3301 322 3352 nimus
336 3312 437 3372 quanto
450 3301 478 3351 iu
492 3300 595 3351 honore
609 3297 681 3370 apud
695 3317 739 3350 ve·
783 3299 820 3350 ire
830 3307 903 3351 rates.

235 3393 304 3432 teres
326 3378 416 3430 luerit.
441 3377 649 3449 Methymnoeum
671 3375 738 3428 illud
820 3379 844 3430 5.
859 3379 896 3429 m
908 3395 999 3432 nemus
1011 3395 1102 3443 omne,
1118 3389 1168 3428 etc.
1186 3387 1211 3427 et
1225 3373 1285 3426 lieet

235 3455 319 3510 babes
330 3456 431 3508 dictum
443 3457 488 3524 lv,
501 3457 531 3522 8,
542 3455 586 3509 38.
599 3455 699 3508 Lesbos
710 3456 738 3507 in
783 3459 810 3509 in
825 3453 885 3510 vllla
899 3471 994 3508 nemus
1008 3473 1087 3506 omne
1102 3467 1177 3506 tuum
1188 3453 1286 3504 vertice

235 3539 323 3608 AEfioeo
341 3538 435 3592 insula.
444 3567 473 3578 -
484 3539 578 3610 Opere,
597 3556 629 3590 ex
644 3556 739 3608 opere,
783 3535 903 3588 intendat
913 3549 983 3588 setas
995 3533 1116 3600 arbores,
1130 3532 1235 3606 quantis
1246 3549 1287 3583 ur·

234 3619 371 3670 Mentoreo
392 3639 402 3670 r
424 3617 462 3668 sic
480 3635 585 3689 pemmo
606 3617 699 3681 bibere,
722 3636 736 3669 e
783 3611 1233 3684 geturCaucasus,ctc.Silvaspro
1246 3627 1285 3660 sr-

234 3713 355 3767 gemma,
376 3696 466 3768 virgil.
492 3697 588 3767 Georg.
612 3697 648 3758 II,
675 3695 735 3750 506.
784 3693 894 3747 boribus
913 3692 998 3746 dictas
1018 3692 1100 3744 babet
1116 3692 1195 3742 etiarn
1211 3688 1284 3742 Tbe-

235 3775 368 3828 lleotoris
383 3774 482 3847 pocula
495 3773 594 3828 Plinius
613 3775 736 3840 aestimet,
784 3772 854 3826 bald.
867 3774 904 3837 11,
915 3773 980 3840 248,
992 3772 1103 3836 Statius,
1116 3764 1287 3839 nequesliter

235 3853 287 3906 boc
307 3855 422 3916 referens
442 3855 510 3906 llist.
531 3855 593 3906 Nat.
616 3853 739 3919 XXXIII,
785 3853 934 3924 Propertius
948 3851 1064 3904 arborem
1074 3865 1123 3918 pro
1133 3845 1195 3898 luco
1206 3861 1284 3897 usur-

236 3931 272 3986 53
285 3956 292 3984 ε
309 3933 485 3987 «horestus
497 3943 587 3984 orator
597 3931 665 3984 duos
679 3929 740 3997 (he
785 3945 833 4002 pat
844 3933 891 3998 Ill,
902 3931 933 3996 3,
947 3931 986 3983 13.
996 3930 1109 3993 Damus,
1119 3944 1172 3978 non
1186 3926 1285 3997 optime

235 4011 306 4084 buit)
315 4011 566 4086 seypboeblentoris
576 4009 739 4064 manucaels·
785 4011 835 4064 sibi
857 4024 979 4063 constare
996 4011 1022 4060 in
1043 4007 1095 4059 boe
1115 4009 1286 4072 sententiani,

236 4107 289 4161 tos,
297 4093 422 4148 sestertiis
430 4105 535 4146 centum
543 4090 661 4160 (emtus):
672 4110 739 4145 coo·
786 4101 994 4160 corruptumque
1007 4085 1096 4140 multis
1107 4105 1186 4158 posse
1198 4085 1287 4139 locum
