3128 4766
290 263 333 338 24
611 255 874 322 PROPERTII
899 259 1012 323 VITA

288 381 395 442 Planci
410 381 552 462 inprimis
563 379 711 440 sententia
723 402 730 440 :
742 378 803 440 vid.
820 381 977 462 Heynium
994 380 1055 440 loc.
1072 383 1123 441 cit.
1141 383 1188 444 De
1205 383 1331 442 nomine

287 480 354 562 ipso
370 477 494 558 ejusque
507 488 658 559 potestate
669 477 833 538 consulant
843 475 973 558 juvenes
984 476 1146 540 Schwarzii
1158 479 1330 541 Observatt.
1434 491 1440 502 “

287 575 327 634 ad
336 575 560 656 Nieupoortum
571 593 642 656 pag.
661 575 714 654 195
727 595 792 657 sqq.
805 577 883 636 Ante
889 572 1076 656 buncigitur
1085 597 1203 637 annum
1212 577 1330 659 scriptoe

287 691 351 732 non
362 690 426 730 esse
438 683 567 753 possunt
580 669 641 731 illae
654 671 806 752 Propertii
816 673 915 734 nostri
928 671 1049 754 elegioe,
1061 673 1217 756 inquibus
1231 675 1332 734 uomi-

287 769 335 828 nis
355 765 449 849 hujus
473 766 509 827 fit
533 769 671 842 menti03
694 780 728 829 ut
742 771 787 845 II,
814 791 865 844 ιο,
893 770 1331 870 15;111,11,50;111,12,

288 887 324 941 2,
335 879 393 926 etc.

611 1019 643 1068 I.
653 1018 686 1070 U.
700 1017 729 1070 C.
745 1017 813 1086 7283
827 1019 958 1089 Propertii
969 1035 1012 1088 ²7·

427 1131 432 1144 .
488 1095 720 1167 Caesaraugustae
733 1098 810 1160 vn1;
823 1098 853 1148 T.
867 1097 983 1151 Statilius
994 1100 1098 1150 Taurus
1106 1101 1138 1150 11.

329 1255 468 1316 Cornelii
482 1254 566 1314 Galli
578 1275 661 1314 mors
674 1235 867 1329 voluntaria,
881 1275 951 1337 quae
962 1254 1072 1316 accidit
1088 1275 1172 1330 non,
1186 1268 1221 1314 ut
1235 1255 1333 1315 Hora·

288 1351 375 1412 tiano
391 1351 550 1432 interpreti
565 1349 681 1433 placet,
700 1351 736 1409 I.
749 1351 787 1410 U.
802 1347 861 1431 724
874 1351 1028 1432 (namque
1043 1351 1209 1434 praefuerat
1227 1350 1334 1412 Gallus

282 1449 420 1530 ‚Egypto
438 1468 493 1530 per
513 1459 647 1527 quatuor
664 1465 784 1522 annos,
805 1459 836 1505 et
855 1466 938 1506 anno
959 1444 1018 1528 724
1036 1447 1184 1529 AEgyptua
1209 1447 1334 1507 demum

289 1543 450 1626 provincia
471 1543 612 1603 Romana
633 1541 713 1604 facta
733 1541 811 1621 est),
835 1540 888 1602 sed
913 1562 997 1602 anno
1018 1564 1037 1602 n
1056 1542 1145 1603 nobis
1160 1545 1276 1626 posit0;
1294 1542 1334 1604 cf.

289 1642 351 1704 Dio
368 1641 447 1702 LIII.
466 1641 538 1702 Non
556 1641 650 1722 igitur
670 1654 743 1700 ente
759 1636 843 1700 hunc
867 1659 987 1699 annum
1007 1640 1120 1722 scripta
1137 1655 1181 1701 est
1197 1639 1273 1722 eleg.
1296 1636 1336 1716 34

290 1738 345 1800 Iib.
360 1739 405 1814 Π,
421 1751 547 1823 propter
564 1759 622 1797 vss.
640 1757 775 1818 91-92,
795 1737 954 1818 inprimis,
969 1757 1067 1818 quum
1085 1738 1178 1798 etiam
1194 1736 1336 1798 AEneidos

289 1835 469 1916 VIrgilianae
483 1832 690 1894 honorificam
710 1833 900 1894 mentionem
915 1831 1006 1894 faciat
1021 1835 1131 1894 Noster
1142 1854 1199 1895 vss.
1212 1835 1248 1895 6ι
1269 1854 1334 1916 sqq.

291 1932 370 1994 ColI.
393 1933 466 1993 Vita
487 1931 598 2014 vtrgil.
621 1930 769 1994 Chronol.
791 1931 832 1992 ad
852 1933 886 1992 I.
907 1933 944 1992 U.
967 1928 1026 2014 γαίῃ
1049 1931 1104 1993 fin.
1128 1944 1158 1993 et
1175 1935 1276 2016 Hcyu.
1296 1933 1337 1992 ad

291 2029 411 2091 AEneid.
427 2031 522 2105 VII'I,
539 2029 608 2110 675.

612 2203 642 2254 A.
656 2206 688 2256 U.
703 2204 733 2254 C.
747 2205 815 2274 730,
830 2205 960 2273 Propertii
972 2221 1013 2272 29.

507 2283 594 2335 Coesar
602 2283 738 2352 Augustus
750 2281 791 2344 X3
805 2282 835 2332 C.
846 2282 988 2334 Norbanus
999 2281 1117 2334 Flaccus.

331 2443 426 2504 AEIius
445 2443 554 2504 Gallus
574 2443 738 2510 Arabicam
756 2443 881 2524 suscipit
899 2442 1142 2524 expeditionem
1163 2443 1214 2503 vix
1231 2455 1337 2502 tamen

291 2560 346 2621 per
365 2540 529 2600 biennium
552 2542 585 2600 in
606 2540 693 2600 terris
713 2537 773 2600 illis
795 2553 1022 2614 commoratus,
1046 2540 1180 2598 maxima
1202 2539 1337 2598 militum

291 2649 378 2720 parte
402 2638 512 2699 amissa
535 2635 647 2696 morbo
669 2626 806 2716 quodam
822 2635 949 2697 insolito
968 2635 1109 2716 nullique
1127 2651 1277 2698 notorum
1298 2636 1338 2694 si·

292 2731 374 2810 miII,
387 2733 426 2794 ab
436 2733 587 2794 Arebibus
596 2753 650 2793 sua
660 2733 785 2813 regione
794 2731 970 2815 expellitur3
985 2744 1125 2792 auctores
1137 2732 1245 2793 Strabo
1257 2732 1337 2806 XVI,

292 2842 323 2890 et
339 2831 400 2892 Dio
417 2831 506 2906 LIII,
526 2832 581 2912 qui
596 2843 701 2890 tamen
719 2829 852 2890 inducis
871 2843 951 2890 errat
969 2830 1112 2906 nomine,
1132 2829 1209 2890 dum
1226 2828 1338 2890 AElium
1397 2902 1400 2913 .

293 2929 431 3009 Largum
452 2941 551 2988 vocat.
574 2928 729 3010 Imposuit
745 2928 806 2988 Dio
832 2926 1028 2988 Broukhusio
1050 2948 1175 3009 quoque
1197 2925 1235 2986 ad
1262 2928 1338 2986 Pro·
1394 2922 1397 2937 '

293 3035 369 3104 pert.
382 3025 426 3099 II,
444 3045 496 3100 10,
506 3044 539 3100 a,
552 3024 595 3084 ita
609 3037 644 3085 ut
656 3023 858 3084 Casaubonus
868 3045 991 3106 quoque
1002 3021 1134 3085 humani
1146 3021 1223 3105 quid
1234 3042 1337 3104 passus

293 3133 354 3194 est,
370 3120 552 3181 Strabonem
566 3117 604 3178 de
618 3119 764 3180 Cornelio
778 3117 870 3180 Gallo
882 3118 1045 3200 explicans.
1059 3118 1137 3179 Vide
1152 3121 1282 3178 Rursum
1298 3116 1337 3176 ad

293 3216 401 3298 Vir-gil.
417 3217 533 3276 AEneid.
548 3216 623 3294 vll,
638 3219 695 3278 605
707 3263 716 3293 ,
730 3231 776 3291 et,
790 3238 883 3297 quem
897 3216 1019 3290 laudat,
1039 3215 1194 3274 valesium
1208 3213 1249 3274 ad
1265 3214 1336 3274 Am·

294 3313 446 3373 mianum.

333 3411 420 3471 Circa
439 3409 498 3470 hoc
512 3425 633 3493 tempus
656 3413 768 3493 scripta
782 3410 902 3470 videtur
916 3408 1012 3490 elegia
1031 3429 1064 3466 ιο
1077 3406 1132 3466 lib.
1148 3408 1192 3482 11,
1212 3419 1338 3490 propter

295 3527 337 3568 vs.
356 3509 407 3568 16:

496 3653 524 3698 Et
532 3649 614 3700 domus
626 3654 715 3698 Intactis
725 3664 747 3696 te
758 3649 886 3714 (Anquste)
898 3651 977 3695 tremit
989 3647 1085 3695 Inbtae.

294 3808 400 3887 Neque
411 3807 495 3866 enim
507 3805 714 3866 Bmukhusius
728 3803 916 3878 audiendus,
930 3805 983 3885 qni
994 3805 1031 3864 ad
1048 3823 1090 3862 vs.
1104 3825 1120 3862 2
1135 3801 1223 3884 hujus
1234 3803 1335 3883 elegiae

295 3901 373 3966 det.
387 3905 424 3964 U.
436 3905 493 3984 752
508 3907 638 3986 cogitet,
654 3917 779 3985 propter
791 3902 892 3964 locum
907 3901 1029 3974 Ovidii,
1044 3903 1106 3962 Art.
1124 3903 1220 3963 Amat.
1233 3902 1264 3976 l,
1283 3923 1336 3982 ¹77
