3122 4756
459 425 720 492 PROPERTII
744 426 833 490 LIB.
860 427 907 490 11.
1143 425 1203 514 169

216 556 387 622 Inveniam
400 551 670 620 tamenemultis
682 549 856 619 fallacibus
870 555 991 632 unam,
1190 563 1205 614 5

259 670 341 752 Quoe
352 663 424 732 lieri
435 679 552 743 nostro
563 666 708 731 carmine
719 676 799 729 nota
813 660 909 745 velit;

215 781 283 843 Nec
294 774 377 842 mihi
388 791 458 842 tam
469 773 564 841 duris
575 771 712 840 insultet
723 771 892 853 moribus,
907 789 940 839 et
952 789 985 840 te

199 945 219 977 ·.
260 885 408 953 Vellicet.
427 889 502 953 Heu
517 907 592 951 sero
603 881 698 950 ilebis
708 899 842 964 ,amata
855 881 930 950 diul

215 1001 312 1065 Nunc
322 1014 373 1065 est
383 1000 431 1064 ira
443 1019 576 1080 recens,
589 1017 682 1062 nunc
692 1009 744 1062 est
753 993 924 1061 discedere
934 1009 1084 1086 tempus:

261 1111 294 1176 Si
304 1106 401 1175 dolor
412 1107 571 1189 abfuerit,
588 1103 704 1188 crede,
719 1103 839 1172 redibit
852 1127 957 1172 amor.
1179 1111 1217 1168 ια’

214 1225 287 1287 Non
300 1222 345 1286 ita
356 1217 541 1312 Carpathiae
554 1219 684 1284 variant
694 1214 917 1310 Aquilonibus
930 1215 1049 1298 undae,

260 1337 329 1398 Nec
342 1329 445 1398 dubio
459 1329 566 1398 nubes
582 1331 723 1395 vertitur
734 1343 806 1394 atra
820 1333 924 1412 Noto,

215 1447 323 1529 Quam
335 1441 432 1508 facile
445 1443 519 1508 irati
532 1437 636 1508 verbo
647 1453 822 1506 mutantur
833 1454 1000 1506 amantes:

261 1555 351 1619 Dum
362 1548 457 1631 licet,
470 1546 595 1642 injusto
607 1545 768 1615 subtrahe
782 1545 868 1614 colla
877 1544 971 1639 jugo.

216 1663 284 1727 Nec
294 1675 332 1726 tu
347 1683 415 1727 non
429 1656 573 1752 aliquid,
589 1653 648 1724 sed
659 1659 768 1748 prima
781 1671 897 1738 nocte,
912 1654 1058 1724 dolebis:
1182 1666 1212 1719 ι5

261 1771 369 1838 Omne
382 1771 416 1835 in
427 1792 541 1836 amore
552 1765 698 1847 malum,
711 1768 740 1833 si
753 1767 896 1857 patiare,
908 1765 983 1834 leve
994 1781 1056 1834 est.

217 1885 259 1946 At
271 1897 323 1964 tu,
341 1903 403 1973 per
414 1878 560 1946 dominae
574 1879 716 1943 Junonis
728 1874 839 1942 dulcia
846 1873 943 1969 jura,

263 1997 366 2059 Parce
378 1994 444 2058 tuis
459 1991 596 2072 animis,
609 1991 694 2070 vita,
709 2010 832 2055 nocere
843 1987 913 2055 tibi.

217 2108 292 2170 Non
304 2103 413 2171 solum
424 2117 541 2170 taurus
555 2101 631 2168 ferit
642 2101 738 2167 uncis
750 2101 907 2168 cornibus
923 2100 1073 2179 hostem,

263 2217 390 2282 Verum
400 2216 500 2282 etiam
513 2213 647 2280 instanti
658 2207 738 2276 laesa
749 2226 916 2303 repugnat
927 2213 1009 2278 ovis.
1181 2239 1215 2274 no

172 2359 247 2413 nobie
258 2359 463 2434 alio,Cyntbia,
474 2373 566 2414 ventus
581 2360 666 2421 erit;·
711 2359 783 2410 versi
809 2377 861 2410 une
882 2367 1026 2430 ponerent,
1049 2355 1116 2428 qui,
1136 2365 1185 2408 etc.
1201 2375 1213 2402 n

171 2457 220 2510 pro
238 2438 292 2492 alio
312 2440 404 2492 vitiose
422 2443 548 2512 scriptum
562 2438 670 2510 aliquo,
750 2455 774 2508 7.
791 2441 892 2504 Mores,
912 2451 942 2490 ut
957 2441 984 2506 1,
1006 2453 1052 2506 ¹7,
1077 2433 1117 2489 15.
1130 2463 1166 2474 -
1179 2435 1217 2486 Et

172 2517 267 2570 deinde
287 2532 313 2571 et
332 2519 422 2592 aquilo
440 2521 520 2572 luisse
535 2517 668 2592 judicans.
714 2536 771 2591 quoe
788 2532 812 2573 te
829 2519 946 2582 vellicet,
964 2517 1071 2572 stimulo
1088 2529 1113 2568 te
1129 2513 1216 2567 rivuli·

173 2595 224 2649 Sed
238 2615 300 2649 vera
312 2600 440 2671 scriptura
451 2597 502 2650 boc
518 2599 605 2668 ipsum
618 2594 671 2647 ali·
715 2600 775 2651 tatis
795 2611 916 2671 pungat,
939 2597 1065 2650 lancinet.
1084 2594 1217 2648 Pizzieare

173 2693 225 2748 quo
236 2688 307 2742 erat,
317 2695 371 2729 non
383 2675 449 2744 alia,
463 2689 541 2748 etque
553 2674 618 2727 illud
633 2673 672 2726 al-
714 2695 770 2728 aevo
781 2691 874 2729 nostro
883 2675 942 2728 ltnli
954 2675 1046 2728 itidem
1058 2673 1170 2744 figurate
1179 2671 1217 2724 di-

172 2766 276 2818 tensm,
299 2754 490 2824 significatione
513 2753 672 2824 capiendum
716 2770 813 2808 cerent.
827 2755 945 2808 Verbum
963 2757 1050 2808 minus
1066 2765 1137 2806 recte
1149 2755 1217 2804 Bur-

172 2829 349 2900 (Lscbmenni
358 2847 383 2884 et
395 2831 438 2884 bic
448 2829 672 2900 utimurrerbis),
716 2851 828 2887 mannus
846 2847 871 2886 ct
885 2833 967 2886 Kur‘n.
986 2831 1136 2905 explicant:
1149 2832 1218 2883 lnse·

173 2907 223 2960 ssffi
241 2908 313 2980 quod
335 2909 452 2961 additam
468 2907 546 2960 habe!
566 2907 618 2958 ¹⁰⁰i
634 2910 672 2958 in·
717 2917 791 2978 ctari,
801 2933 849 2986 per
860 2933 906 2966 ora
918 2913 1056 2966 bominum
1071 2910 1215 2964 traducere.

174 2989 238 3040 cml
249 2989 494 3040 Milonem-Brilllls
508 2984 579 3058 apud
589 2987 672 3038 Cicer.
752 3011 779 3062 9,
792 2995 871 3046 Nunc
879 3005 914 3046 85!
926 2993 965 3044 {m
974 3009 1059 3044 recem
1065 3030 1074 3058 2
1087 3005 1136 3042 etc,
1147 2992 1217 3042 flor.

175 3067 250 3137 epist.
264 3065 297 3118 ael
309 3065 409 3119 Divers.
424 3065 477 3132 xl,
497 3083 506 3117 ι
526 3087 532 3116 :
553 3087 565 3111 ι
575 3063 673 3117 ceden-
717 3081 788 3121 eatur
804 3087 831 3120 se
845 3070 1004 3141 Propertius.
1018 3097 1053 3107 -
1065 3067 1160 3130 Dolor,
1174 3067 1217 3117 in-

174 3143 543 3216 dumenltslia,migrandum
550 3142 673 3195 Rhodum
714 3149 789 3221 juria
804 3147 898 3213 dolor,
914 3165 1006 3201 sensus
1022 3148 1067 3219 qui
1082 3147 1217 3217 proximus

68 3271 72 3276 .
175 3235 221 3275 aut
233 3223 322 3296 aliquo
335 3236 459 3276 ratarum
471 3221 614 3274 arbitron·
719 3229 762 3278 ine
777 3240 817 3280 est
831 3226 875 3297 (le
884 3221 1275 3296 ressentimmt,lerl6pit).,

211 3302 236 3356 5.
247 3303 385 3355 Inveniam
397 3315 496 3368 tamen,
510 3316 558 3354 etc.
573 3301 672 3354 Tamen
757 3323 797 3358 11.
812 3307 956 3378 &mathie
967 3304 1051 3370 unde,
1068 3306 1137 3356 inter
1148 3301 1218 3353 Rho-

175 3381 237 3432 riris
245 3380 329 3434 doctis
338 3379 425 3452 placet
434 3399 483 3452 pro
494 3381 598 3433 tandem
608 3381 675 3432 acci·
718 3383 782 3435 dum
799 3397 825 3436 et
846 3387 964 3448 Cretam,
988 3381 1021 3436 ab
1036 3379 1122 3434 insula
1142 3379 1218 3432 dicre

175 3477 246 3530 pere.
257 3461 347 3512 Hocsi
358 3456 463 3512 volebat
471 3471 567 3531 poeta,
582 3459 674 3530 quidni
718 3461 861 3535 Carpatho.

176 3537 329 3591 scribebat:
351 3541 506 3592 slnreniam
531 3539 636 3592 tandem
659 3559 673 3592 e
758 3541 797 3594 ¹5.
809 3541 865 3594 Nec
878 3551 907 3591 tu
918 3559 972 3593 non
981 3537 1163 3612 aliquid,etc.
1174 3533 1219 3585 do·

176 3613 265 3667 multis
276 3615 413 3670 fallacibus
422 3619 537 3670 unam?-
547 3619 675 3670 ussurus·
718 3618 783 3673 lebis
792 3619 899 3691 quidem
907 3622 999 3684 miser,
1010 3617 1056 3671 sed
1064 3613 1161 3667 levabit
1173 3611 1218 3664 tibi

177 3710 236 3744 mus
254 3693 332 3764 igitur
347 3695 481 3764 propriam
499 3713 573 3748 suam
592 3697 675 3766 parti-
717 3700 846 3770 patientis
858 3698 964 3750 malurn.

178 3769 241 3822 cula
260 3771 475 3842 significationem
495 3795 501 3824 ι
521 3775 674 3840 Inveniam,
759 3795 798 3848 ¹7·
813 3779 849 3829 Ar
858 3790 903 3844 tn,
915 3797 931 3828 o
945 3774 1066 3848 Cynthia.
1076 3772 1219 3825 Dominam

178 3851 224 3904 eui
240 3869 277 3903 res
289 3849 409 3923 difficilis
418 3865 469 3919 est,
481 3852 583 3905 fidelem
595 3871 675 3906 anam
720 3858 777 3926 ejus
790 3854 855 3907 dicit
868 3857 1017 3917 herroneus,
1030 3852 1128 3922 quippe
1139 3867 1219 3921 φιιιιι

179 3948 210 3982 ex
228 3943 268 3982 tot
283 3930 429 3984 fallacibus.
441 3933 478 3984 lca
490 3933 567 3986 nobis
580 3945 619 3986 est
630 3953 675 3986 vo·
719 3936 824 3987 femine
835 3935 970 4006 propriam
984 3929 1034 3984 sibi
1046 3929 1124 3982 deam
1136 3947 1218 3981 vene·
1324 3928 1331 3940 '

179 4009 303 4064 nebulum
318 4023 436 4064 nostrum
446 4023 587 4086 pourtaM:
606 4036 618 4060 ι
628 4013 676 4066 Sur
719 4013 858 4078 rebantur,
870 4025 896 4064 et
900 4012 967 4082 juris
976 4005 1083 4080 jurandi
1091 4005 1220 4060 adscisce·

178 4087 203 4142 le
215 4088 325 4144 nombre
339 4089 386 4144 des
396 4089 530 4160 infideles,
540 4091 592 4160 j'en
604 4107 676 4148 trou·
720 4090 785 4145 bant
799 4104 898 4144 testem.
