3116 4756
216 337 1256 388 *w

538 495 766 594 ELEGIA
805 499 932 598 XVI.

557 716 621 780 nn
643 713 914 783 crurutnn.

622 1073 851 1112 ΔΕΘΠῊΕΠΠΙ.

254 1185 374 1244 Praetor
386 1181 426 1242 ab
440 1180 564 1264 Illyrico
585 1178 677 1242 rediit
696 1196 769 1244 cum
783 1185 904 1264 magnis
926 1181 1056 1266 opibus,
1075 1186 1180 1266 rivalis
1196 1186 1262 1270 jam

214 1292 286 1341 ante
299 1279 462 1362 Propertio
476 1278 584 1354 datus,
601 1299 685 1340 nunc
699 1279 812 1340 iterum
829 1281 1010 1342 muneribus
1027 1287 1088 1346 suis
1103 1301 1264 1368 corruptor
1335 1274 1338 1280 ⁵

216 1378 506 1462 Cynthiaerllterius
516 1378 664 1456 reditum,
675 1377 801 1439 alterius
808 1381 969 1440 avaritiam
980 1380 1146 1446 detestatur
1154 1399 1262 1468 poeta:

215 1478 353 1560 Ecquere
365 1496 432 1536 non
440 1477 533 1559 periit
547 1477 666 1538 invisus
677 1477 737 1550 ,iste
748 1475 912 1539 fluctibus?
925 1499 1002 1539 auro
1017 1480 1113 1560 igitur
1125 1501 1263 1542 amorem

214 1585 245 1633 et
256 1570 394 1654 puellam
403 1571 527 1632 venire?
536 1592 632 1650 auro,
644 1571 677 1632 di
691 1573 786 1649 boni,
798 1571 982 1656 pudicitiam
998 1595 1124 1636 ornnem
1133 1579 1265 1660 turpiter

216 1669 345 1732 cadere?
358 1690 377 1730 o
390 1669 445 1730 ubi
457 1670 585 1752 antiqua
598 1668 777 1752 simplicitas
791 1671 878 1732 vitael
895 1692 914 1732 o
927 1671 982 1732 ubi
996 1689 1178 1756 paupertas,
1195 1697 1266 1736 mo-

216 1791 287 1830 rum
298 1791 400 1831 comes
415 1782 446 1830 et
458 1768 569 1830 tutela!
590 1768 778 1831 Probrosum
793 1769 860 1830 talis
872 1771 982 1854 puellae
996 1772 1108 1855 jugum
1124 1788 1160 1836 ut
1175 1797 1265 1838 ercu-

214 1869 287 1944 tiat,
299 1865 445 1928 hortatur
456 1887 488 1926 se
499 1866 693 1948 Propertius3
705 1867 739 1926 in
749 1865 886 1927 nihilum
898 1869 1151 1931 vertanturdona
1160 1871 1269 1940 rivalis,

216 1975 374 2046 precatur3
387 1963 473 2023 Jovis
486 1959 593 2022 ultoris
605 1974 691 2022 metu
705 1959 862 2044 perjuram
873 1975 967 2024 terret
979 1963 1159 2048 Cynthium.

686 2167 797 2186 ψ

266 2277 423 2389 Pteron
437 2316 480 2384 ab
494 2315 637 2410 Illyricis
648 2317 741 2384 venit
750 2314 868 2399 modo,
884 2315 1045 2410 Cynthia,
1057 2287 1172 2400 terris,

309 2431 458 2498 Maxima
468 2427 584 2521 praeda
595 2426 673 2510 tibi,
685 2427 831 2494 maxima
843 2450 923 2494 curu
934 2427 1028 2496 mihi.

264 2543 340 2608 Non
352 2539 464 2633 potuit
474 2561 554 2606 saxo
564 2539 667 2605 vitam
679 2539 833 2629 posuisse
843 2541 1021 2606 Cerauno?

310 2649 378 2736 Ah,
393 2655 564 2744 Neptune,
577 2649 637 2717 tibi
652 2648 765 2744 qualia
777 2647 866 2716 dona
879 2646 1012 2745 dareml

264 2763 363 2828 Nunc
373 2762 446 2827 sine
457 2783 512 2827 me
523 2757 624 2852 plena
635 2757 722 2826 fiunt
736 2760 890 2826 convivia
901 2782 1037 2842 mensa;
1134 2783 1135 2788 ¹

310 2873 410 2938 Nune
422 2871 494 2938 sine
506 2893 561 2936 me
572 2884 644 2935 tota
654 2865 759 2960 janua
772 2885 872 2936 nocte
883 2883 987 2961 patet.

265 2986 392 3069 Quare,
405 2981 434 3047 si
446 2981 553 3072 sapis,
565 2973 695 3046 oblatas
707 3001 751 3045 ne
762 2975 880 3045 desere
892 3001 1036 3061 messes,

311 3093 354 3157 Et
367 3085 528 3155 stolidum
541 3085 643 3182 pleno
655 3085 779 3154 vellere
790 3111 892 3180 carpe
903 3111 1019 3180 pecus.

266 3197 395 3268 Deinde
406 3197 465 3266 ubi
478 3217 656 3266 consumto
668 3197 807 3266 restabit
817 3221 959 3268 munere
971 3223 1118 3294 pauper,

312 3312 374 3378 Dic
383 3308 466 3377 alias
477 3311 600 3378 iterum
609 3311 747 3402 naviget
757 3306 901 3403 Illyrias.
1239 3350 1269 3386 10

259 3489 282 3525 r.
295 3473 404 3526 Proetor.
414 3471 482 3526 Vide
497 3471 567 3526 libro
580 3474 609 3538 1,
620 3469 686 3544 eleg.
698 3471 723 3526 8.
770 3468 834 3525 rade
851 3469 986 3522 hominem
1001 3469 1090 3541 opima
1106 3483 1186 3536 cute,
1204 3467 1270 3526 bru-

223 3551 391 3604 -rtaxtma
412 3549 501 3623 proeda
521 3551 575 3604 tibi.
594 3551 634 3604 De
654 3551 726 3623 Cyn·
769 3563 826 3604 taur
850 3563 982 3604 amantem
1004 3569 1118 3622 emungo
1147 3554 1269 3606 nummis.

222 3629 278 3692 dis
299 3629 360 3684 vide
374 3649 432 3703 quar
447 3648 508 3682 mox
522 3628 588 3686 dicit
604 3629 725 3684 versibus
772 3631 882 3702 Carpere
891 3629 1011 3684 derebus
1019 3631 1173 3703 ipsis,quas
1183 3650 1271 3684 aman

225 3727 335 3764 rr-rn.
770 3710 791 3761 ti
803 3710 903 3762 femina
918 3711 1001 3781 rapit,
1017 3711 1055 3762 ita
1069 3708 1133 3762 dicit
1145 3709 1271 3779 Ovidius,

258 3789 284 3842 3.
294 3789 358 3844 Non
367 3788 455 3859 potuit
463 3789 583 3861 puniisse.
595 3786 662 3840 Vide
673 3805 723 3840 no·
768 3787 824 3842 Art.
834 3787 922 3840 Amas.
934 3789 962 3854 l,
976 3787 1038 3855 4²⁰·

224 3881 277 3922 uta
286 3871 311 3936 1,
326 3886 357 3935 1,
370 3867 453 3922 ι5.-
463 3869 608 3922 cenenum
616 3885 723 3928 saxum
808 3881 848 3919 ro.
862 3865 939 3919 Alias
948 3865 1072 3936 Illyrica
1083 3865 1135 3919 hoc
1144 3881 1200 3935 est,
1209 3889 1272 3941 pro·

223 3947 257 4000 de
269 3966 322 4020 quo
336 3949 364 4014 l,
376 3947 409 4014 8,
427 3963 468 4016 ¹9·
768 3946 883 4012 vinciat,
895 3965 968 4018 qua,
982 3959 1012 3999 ut
1024 3945 1128 4020 lllpn'a,
1136 3952 1272 4022 naugauti

259 4026 285 4078 8.
310 4022 394 4093 Carpe
410 4041 489 4096 pectes
507 4023 588 4094 pleno
611 4021 724 4114 vellere,
768 4024 907 4076 conferant
917 4026 1041 4078 fructum.
