3116 4756
315 367 383 451 294
611 358 874 426 PROPERTH
899 357 986 423 ΗΒ.
1014 359 1061 423 11.

407 490 489 567 Neo,
502 482 561 552 tibi
573 485 601 552 si
613 483 725 551 Persei
737 483 881 550 moverit
891 480 944 549 ala
955 481 1070 576 pedes.

361 596 423 665 Vel
435 600 464 664 si
475 612 508 664 te
520 611 618 665 sectae
631 597 763 687 rapiant
773 593 932 662 talaribus
944 617 1053 677 eurae,

407 704 461 773 Nil
471 702 533 773 tibi
544 705 704 773 Mercurii
716 704 868 797 proderit
877 702 945 772 alta
956 706 1020 772 via.

360 820 469 884 Instat
479 838 613 907 semper
624 819 727 882 Amor
738 837 841 907 supra
852 829 975 906 caput:
990 815 1092 881 instat
1103 815 1245 897 manti,
1337 859 1339 862 -

407 927 450 992 Et
461 927 571 1017 gravis
583 927 655 1018 ipse
667 947 770 1016 super
780 922 886 992 libera
897 922 984 992 colla
995 921 1098 991 sedet.

361 1032 511 1102 Excubat
521 1032 577 1101 ille
588 1055 668 1101 acer
680 1049 794 1101 custos
802 1043 815 1116 ‚'
824 1048 858 1100 et
868 1031 986 1102 tollere
997 1055 1167 1128 nusquam

407 1149 458 1212 Te
469 1147 615 1238 patietur
626 1143 730 1211 humo
742 1143 870 1211 lumina
883 1159 981 1237 copta
993 1141 1108 1212 semel.
1328 1171 1359 1210 ιο

362 1259 405 1324 Ει
412 1252 484 1348 jam
498 1257 527 1323 si
538 1277 673 1349 pecces,
686 1253 769 1323 deus
782 1252 959 1322 exorabilis
971 1255 1028 1324 ille
1039 1269 1105 1342 est,

409 1369 441 1438 si
453 1365 553 1433 modo
565 1381 747 1458 praesentes
761 1365 882 1434 viderit
892 1389 965 1434 esse
978 1389 1107 1459 preces.

362 1481 429 1545 Ista
441 1500 538 1544 senes
550 1475 627 1545 licet
639 1493 799 1545 accusent
810 1480 963 1545 convivia
974 1477 1069 1545 duri:

407 1591 477 1655 Nos
489 1586 589 1654 modo
601 1589 829 1680 propositum,
840 1589 925 1670 vita,
937 1603 1085 1654 teramus
1097 1585 1169 1653 iter.

363 1693 503 1766 Illorum
514 1698 661 1792 antiquis
678 1711 863 1764 onerantur
874 1697 1003 1790 legibus
1015 1681 1131 1770 aures:
1330 1709 1361 1762 ¹5
1410 1777 1413 1790 ¹

408 1807 471 1874 Hic
481 1805 575 1874 locus
587 1822 652 1890 est,
665 1809 700 1872 iu
713 1831 797 1902 quo,
810 1805 891 1875 tibia
905 1807 1018 1893 docta,
1031 1831 1149 1893 sones;

314 2065 820 2140 gususrolens.Apollodor.11,3.-
903 2087 942 2123 ιι.
966 2072 1002 2123 Et
1017 2076 1088 2146 jam.
1111 2070 1206 2124 Melino
1229 2071 1278 2123 erit
1301 2089 1361 2123 oum

204 2165 207 2174 ·
316 2145 370 2198 Ata
380 2146 474 2198 Persei.
487 2144 591 2198 Talorie
600 2160 747 2216 sunt,quse
760 2147 820 2197 Per·
863 2151 1013 2202 Burmanno
1029 2172 1035 2202 ε
1051 2151 1103 2204 Sed
1109 2155 1170 2224 jem
1185 2153 1207 2204 si
1217 2169 1364 2224 pecces-

317 2241 376 2277 teus
387 2225 424 2276 ire
433 2221 467 2276 nd
478 2222 616 2278 Medusam
625 2241 723 2295 perone
741 2225 820 2295 Nym·
863 2229 1003 2284 Proesentes
1009 2247 1096 2302 preces
1100 2249 1175 2296 ,non
1187 2227 1293 2295 turdus,
1304 2248 1363 2302 qne

315 2301 530 2374 phorumhebuit
542 2301 643 2354 donum
655 2303 709 2354 sive
718 2301 820 2354 Mercu·
863 2305 970 2378 culpam
984 2309 1071 2359 statim
1083 2319 1235 2378 sequantur.
1323 2342 1325 2353 ι

314 2382 363 2449 rii,
377 2380 448 2438 unde
461 2381 587 2454 penoipes
594 2379 698 2434 Catullo
714 2379 819 2448 dietus,
902 2387 942 2439 15.
954 2385 1065 2440 Illouuu
1079 2387 1208 2459 antiquis,
1225 2401 1277 2440 etc.
1295 2385 1363 2440 Cevs

194 2485 199 2492 ·
315 2459 402 2512 Germ.
416 2461 476 2528 LV,
489 2459 531 2514 25.
865 2464 974 2518 illorum
994 2484 1069 2519 aures
1088 2467 1234 2537 conjungas
1256 2487 1263 2518 r
1286 2483 1363 2519 eures

352 2535 378 2591 5·
398 2539 426 2592 V
423 2537 449 2590 01
462 2539 501 2600 si,-
517 2539 540 2590 δί
555 2535 610 2604 vel,
627 2537 705 2589 ‘flam
723 2537 754 2590 δί·
769 2537 820 2591 Sed
864 2559 926 2600 sunt
940 2560 1049 2614 nostru,
1068 2564 1135 2618 quas
1153 2560 1267 2599 onerant
1288 2565 1363 2600 senes

315 2631 377 2687 post
390 2615 474 2682 illud,
489 2614 563 2688 qnod
579 2617 698 2687 positum
710 2613 742 2668 de
756 2617 820 2668 Per·
862 2623 963 2696 legibus
982 2627 1045 2678 suis,
1065 2623 1117 2678 sed
1136 2638 1207 2677 reeta
1225 2635 1366 2678 onerantur

315 2713 361 2748 seo
385 2695 516 2761 vidimus,
539 2697 602 2748 setis
619 2694 713 2768 frigide
733 2695 818 2768 snbji-
862 2720 912 2775 pro
924 2702 994 2774 vulg.
1005 2714 1144 2756 onenuutr
1154 2701 1245 2756 Codex
1255 2703 1363 2774 Neapo-

314 2776 422 2827 ciuntur
435 2792 505 2827 ΕΜ
514 2773 578 2826 ¹¹20·
862 2781 959 2838 liunus
975 2803 1035 2838 oum
1050 2786 1119 2853 elio,
1133 2785 1296 2856 conjunctivi
1310 2785 1365 2837 for-

349 2861 375 2915 8.
393 2861 462 2934 Ipse.
477 2859 644 2931 Longuidnm
659 2873 685 2913 st
698 2863 819 2934 ineptum
863 2881 919 2930 ms,
930 2877 961 2916 ut
970 2865 1092 2918 observet
1101 2863 1298 2932 Lachmannus,
1309 2879 1362 2918 non

312 2937 380 3006 hoc,
392 2940 462 3010 ipse,
475 2940 566 2991 Amori
579 2957 728 3011 pronomen
745 2940 820 2994 eddi·
863 2944 973 2996 meliore
985 2944 1043 3012 hio,
1058 2941 1143 3017 qutun
1152 2958 1208 2999 eret
1218 2945 1246 3011 1,
1260 2955 1307 3010 ιο,
1319 2943 1363 2996 31.

312 3031 379 3071 turn.
390 3018 481 3072 Scribe
490 3037 550 3072 cunr
561 3020 707 3073 Berosldo:
720 3023 818 3076 «instet
863 3022 962 3090 Nobis,
980 3026 1016 3075 ait
1028 3025 1196 3096 Propertius,
1215 3034 1301 3074 vetere
1314 3039 1363 3074 sno

313 3099 427 3163 emanti,
439 3098 471 3148 Et
484 3099 571 3170 gretie
582 3098 637 3169 ipsa
647 3117 728 3170 snper
736 3097 818 3155 libera
862 3105 951 3155 nescio
965 3101 1023 3175 quse
1035 3115 1166 3174 prteoepts
1180 3101 1309 3173 objiciunt
1322 3119 1364 3154 se-

310 3173 380 3229 colln
395 3175 471 3228 sedet
477 3197 508 3239 μ
528 3175 593 3247 (sub
614 3177 729 3250 pedibus
745 3191 819 3232 tenet
861 3199 909 3233 nes
924 3203 930 3232 r
946 3181 1148 3236 obmurmurent
1162 3193 1189 3234 et
1199 3183 1363 3249 irascentur,

311 3253 377 3308 deus
399 3257 472 3327 ipsos
491 3275 556 3323 eos,
581 3257 628 3328 qui
645 3261 740 3330 jugum
761 3263 817 3330 ejus
861 3259 923 3313 licet
943 3283 949 3312 ι
973 3273 1003 3312 ιιι
1028 3278 1109 3326 cens,
1132 3259 1299 3326 tibiu‚'dum
1320 3277 1363 3315 tne

310 3335 580 3408 excussissepntsnt.)
591 3337 733 3402 Ceterum,
744 3338 816 3410 qnod
860 3357 951 3396 meuse
962 3353 1035 3394 tenet
1046 3357 1107 3392 cum
1121 3338 1233 3411 Cynthia
1249 3355 1316 3392 men.
1326 3367 1364 3382 ι-

309 3412 352 3468 hic
366 3429 393 3468 et
408 3433 486 3469 versu
509 3433 540 3469 ro
553 3415 668 3470 insidere
682 3417 752 3470 colio
767 3435 816 3470 no·
860 3408 906 3470 ot'
913 3417 994 3470 ovid.
1006 3419 1112 3473 Metam„
1125 3417 1174 3484 tx,
1189 3416 1260 3472 5502
1277 3420 1363 3472 «Jnre

309 3507 365 3548 stro
382 3495 488 3568 fingitur
499 3497 600 3564 Amor,
616 3515 667 3548 nec
678 3497 748 3566 pati,
764 3497 817 3550 tol·
860 3515 936 3550 senes
946 3497 1047 3562 norint,
1059 3510 1086 3548 et
1098 3496 1161 3569 quid
1175 3496 1306 3570 liceatque
1315 3517 1363 3552 ne·

307 3573 363 3628 lere
385 3595 419 3630 ex
440 3577 523 3630 humo
549 3595 710 3649 quemquem
732 3577 814 3631 semel
859 3577 953 3648 fasque
968 3579 1073 3647 Fasque
1089 3577 1137 3642 sit,
1157 3577 1305 3648 inquirent,
1325 3578 1362 3632 le-

308 3668 403 3727 osptos
415 3657 524 3724 oculos,
537 3656 589 3709 hoo
601 3655 743 3709 habuimus
758 3661 813 3729 jem
858 3673 974 3728 ponsque
990 3656 1110 3708 examine
1126 3671 1231 3710 servent
1242 3679 1249 3709 r
1262 3657 1364 3711 Conve-

308 3749 463 3804 expressum
478 3735 506 3800 1,
523 3751 549 3801 1,
564 3734 596 3801 ³,
613 3732 661 3785 nbi
677 3733 711 3786 de
726 3751 754 3788 te
772 3733 814 3788 lo·
858 3737 933 3788 niens
956 3737 1045 3788 Venus
1066 3747 1106 3787 est
1126 3738 1203 3789 nonis
1226 3737 1363 3790 temeretis

308 3827 391 3884 quens
412 3813 565 3885 Propertius
587 3833 594 3865 ε
622 3814 724 3866 arum
747 3816 816 3868 mihi
858 3813 1159 3868 nostris-*Onerum
1168 3815 1317 3887 preceptis,
1332 3825 1362 3866 ut

307 3893 452 3944 constantis
464 3887 669 3964 dejecitiunu'ua
683 3892 766 3947 fastus
778 3893 815 3946 Et
857 3908 936 3944 versu
957 3887 1009 3944 hoc
1029 3889 1125 3944 Noster
1148 3892 1258 3967 lepidus,
1282 3891 1363 3945 habet

305 3979 385 4039 eaput
404 3971 534 4042 inpositis
553 3971 642 4025 urescit
662 3972 745 4026 Amor
765 3991 813 4044 pe·
858 3970 981 4036 Plautus,
995 3968 1051 4022 Mil.
1062 3969 1135 4023 Glor.
1149 3973 1200 4038 111,
1220 3971 1254 4038 3,
1272 3989 1321 4040 29,
1335 3982 1362 4022 et

303 4046 409 4101 dibus·
858 4048 954 4103 Pseud.
968 4049 1007 4116 ΙΙ,
1021 4049 1055 4116 4,
1068 4051 1111 4120 74.
