3116 4756
535 606 783 706 ELEGIA
812 605 1054 703 XXVIII.

473 839 533 902 DE
557 836 771 901 GYNTHIA
795 833 1112 901 AEGBOTANTE.

743 1073 847 1085 m

681 1251 908 1286 ARGUMERTUM.

310 1361 370 1420 Pro
391 1357 539 1442 Cynthia,
562 1378 657 1440 quam
679 1379 771 1440 grave
792 1357 912 1418 malum
935 1355 1057 1434 adficit,
1077 1355 1317 1417 misericordiam

269 1458 354 1518 Jovis
371 1457 550 1539 Propertius
564 1455 697 1515 invocat.
712 1457 774 1515 Has
794 1455 880 1514 illam
895 1474 974 1514 seras
985 1459 1098 1536 'poenas
1114 1453 1216 1530 luere,
1233 1451 1318 1534 cujus

270 1551 405 1636 perjuria
425 1566 490 1612 tam
515 1549 614 1611 multa
638 1550 793 1611 lassarunt
816 1571 959 1633 superos,
981 1551 1068 1631 cujus
1096 1551 1161 1634 pati
1185 1551 1318 1610 nimiam

270 1649 447 1732 superbiam
469 1648 579 1709 formae
604 1647 737 1728 denique
765 1649 890 1710 tandem
916 1649 1028 1732 puduit
1054 1647 1134 1708 deas.
1165 1647 1316 1708 solatium

271 1747 382 1830 quaerit
397 1749 502 1825 miser,
520 1768 583 1830 quo
600 1748 735 1824 sublevet
748 1749 881 1808 amicam
898 1769 999 1822 suam,
1014 1748 1047 1808 in
1063 1760 1162 1808 morte
1176 1747 1318 1808 inventu·

270 1868 339 1907 ram
354 1845 440 1906 illam
453 1845 611 1907 confidens
625 1848 741 1906 acerbae
753 1844 844 1929 hujus
858 1849 929 1908 vitae
944 1847 1124 1929 praemium3
1140 1849 1249 1928 ereptis
1261 1845 1320 1907 sibi

272 1943 429 2004 amoribus
447 1945 525 2018 suis,
550 1943 630 2004 mori
644 1965 674 2004 se
695 1964 820 2026 quoque
838 1942 915 2004 velle
933 1944 1099 2018 exclamat3
1118 1956 1227 2004 votum
1250 1944 1321 2006 Jovi

272 2041 424 2124 concipit,
447 2042 472 2100 si
495 2041 643 2100 liberetur
660 2041 798 2122 periculo
821 2040 964 2124 Cynthia.
981 2041 1200 2101 —incolumis
1224 2041 1319 2101 evasit

271 2159 323 2212 ea3
348 2140 398 2199 cui
418 2139 502 2200 bona
523 2137 718 2222 clemensque
741 2141 927 2222 Proserpina
945 2153 1087 2216 maneat,
1111 2161 1174 2199 una
1193 2138 1319 2199 demum

270 2236 391 2314 relicta,
415 2257 484 2319 quae
510 2236 639 2320 pulchra
663 2235 701 2296 sit
726 2239 888 2313 interris,
914 2258 1012 2317 quum
1037 2249 1084 2298 tot
1109 2237 1319 2297 formosarum

271 2333 371 2394 millia
387 2333 454 2416 jam
475 2335 573 2395 Orcus
595 2332 724 2394 habeat!
746 2334 867 2410 Redde,
886 2335 1009 2415 inquit,
1033 2355 1052 2395 0
1070 2355 1138 2395 mea
1154 2335 1222 2410 lux,
1244 2321 1319 2415 quas

269 2433 362 2494 debes
376 2446 475 2513 grates
495 2432 586 2508 Isidi;
604 2432 680 2493 mihi
696 2435 862 2516 promissas
881 2433 987 2496 decem
1005 2433 1116 2494 amoris
1133 2445 1238 2494 nomm
1257 2453 1319 2493 me·

272 2543 378 2591 mento
392 2528 518 2590 solvere.

739 2693 850 2712 ψ-

320 2803 508 2925 Jurrrren,
520 2843 659 2912 adfectae
671 2843 809 2912 tandem
823 2847 983 2916 miserere
995 2848 1134 2943 puellae!

365 2960 451 3023 Tam
464 2955 612 3025 formosa
625 2973 722 3024 tuum
734 2975 866 3027 mortua
878 2963 1007 3028 crimen
1019 2965 1094 3030 erit.

317 3066 419 3131 Venit
429 3067 519 3132 enim
531 3081 683 3160 tempuS‚
696 3093 764 3163 quo
776 3067 925 3140 torridus
938 3088 1057 3141 aestuat
1068 3095 1140 3155 aer,

366 3175 489 3267 Incipit
501 3192 534 3242 et
545 3179 634 3245 sicco
646 3179 776 3247 fervere
789 3195 878 3247 terra
889 3185 990 3248 Cane.

317 3284 381 3356 Sed
392 3310 462 3354 non
475 3303 542 3355 tam
554 3289 683 3358 ardoris
696 3291 796 3382 culpe
808 3307 874 3376 est,
886 3317 997 3386 neque
1009 3292 1149 3360 crimina
1161 3289 1250 3374 caeli,
1299 3303 1315 3356 5

364 3401 474 3484 Quam
484 3401 582 3466 toties
595 3416 727 3466 sanctos
740 3424 809 3467 non
821 3399 978 3470 habuisse
991 3400 1082 3468 dene.

318 3512 391 3576 Hoc
402 3507 514 3602 perdit
524 3511 677 3593 miseras,
691 3509 754 3576 hoc
766 3510 910 3602 perdidit
921 3527 1013 3596 ante,
1026 3509 1174 3606 puellas:

309 3711 333 3746 r.
343 3693 477 3765 Adferte,
487 3695 650 3764 egrotantis,
662 3693 772 3762 puellus
815 3699 963 3769 rigaturum
974 3699 1116 3751 &nauem
1131 3695 1318 3750 commendans

271 3792 351 3846 quam
369 3773 457 3826 adficit
478 3775 584 3827 malurn.
603 3778 641 3828 lta
655 3775 775 3848 loquitur
817 3777 866 3829 diis
884 3799 891 3828 s
908 3780 1051 3830 «Vestrum
1073 3779 1171 3828 crimen
1191 3777 1239 3828 erit
1258 3775 1317 3828 reiis

271 3855 350 3905 eriam
363 3853 488 3920 Ovidius,
507 3855 585 3908 Trist.
603 3857 655 3922 111,
672 3856 705 3924 3,
726 3859 773 3925 14,
814 3859 918 3929 jactura
930 3857 1037 3928 puelia,
1051 3855 1231 3928 Nereidesque
1245 3853 1318 3922 desc,

270 3932 316 3984 ubi
328 3931 388 3984 vide
400 3936 542 3986 Heinsium.
552 3965 587 3975 -
597 3937 705 3989 Mortua
720 3949 772 3989 tam
817 3936 1013 4009 Nereidumque
1025 3948 1108 4010 pater.
1120 3959 1131 3984 ι

263 4009 384 4081 formosa
408 4023 481 4063 tuum
502 4015 600 4065 crimen
621 4015 678 4067 erit.
699 4014 771 4067 Idem
852 4033 876 4085 7.
887 4017 945 4068 Hoc
954 4017 1039 4089 perdit
1051 4017 1227 4082 miseras‚etc.
1243 4013 1316 4078 Huc,

186 4153 188 4172 Ι
270 4089 397 4158 Ovidius,
408 4093 512 4143 Amorr.
529 4093 569 4160 11,
586 4110 633 4160 ιι,
651 4093 684 4148 35
694 4132 704 4162 ,
724 4111 771 4146 na·
817 4095 934 4164 scilicet,
958 4094 1031 4167 quod
1054 4095 1134 4148 altero
1153 4111 1231 4146 versu
1253 4091 1317 4146 dicit
