3122 4756
572 339 873 406 ELEGMXIX.

290 470 375 536 Caro
386 481 500 540 temen
513 462 671 557 lacrymis
679 487 760 533 osse
771 464 885 536 futura
895 469 991 534 meis.

241 582 329 666 Quae
341 593 378 644 tu
390 578 467 648 vive
479 599 555 646 mea
565 577 675 670 possis
687 580 812 644 sentire
822 575 953 645 favillat

290 678 478 756 'Ituiimihi
491 710 561 755 non
572 685 644 753 ullo
655 710 748 754 mors
760 689 928 769 sit-amera
940 687 1026 755 loco.
1216 718 1249 754 ao

242 801 355 886 Quam
366 821 502 881 vereor,
514 821 558 866 ne
569 813 602 865 te
615 813 802 882 contemto,
814 794 973 892 Cynthia,
987 795 1086 866 busto

291 907 632 978 Abstrahatanostro
643 909 785 1004 pulvere
796 911 934 1005 iniquus
945 933 1057 993 amor,

241 1017 350 1114 Coget
359 1036 394 1088 et
404 1022 546 1088 invitam
557 1019 725 1114 lacrymas
739 1023 864 1088 siccare
876 1019 1054 1089 cadentes!

292 1131 454 1198 Flectitur
464 1127 613 1201 adsiduis
627 1147 719 1200 certa
730 1130 846 1225 puella
857 1135 969 1200 minis.

199 1321 328 1398 Optbia,
343 1325 562 1389 formaGratior3
577 1325 705 1379 etTellus
750 1325 837 1393 6‚24.
854 1325 1018 1379 Tuisautem
1031 1327 1155 1397 promsit
1169 1323 1251 1378 Scali-
1302 1343 1304 1348 ·

201 1401 254 1456 boc
274 1404 312 1455 its
327 1405 399 1473 juste
416 1406 494 1456 siuet.
518 1403 584 1470 Quae
603 1415 631 1455 tu
648 1405 706 1455 viva
750 1421 799 1473 ger
816 1407 896 1458 tacite
909 1404 1001 1466 dedit;
1018 1406 1089 1477 quod
1105 1422 1195 1458 verum
1209 1408 1250 1457 aio

200 1499 261 1534 mee
282 1483 368 1554 possis
391 1483 488 1534 sentire
508 1481 611 1534 favillal
637 1484 705 1534 Tum
751 1500 821 1548 esse,
835 1481 1192 1554 adversantibus‚qusntum
1201 1502 1252 1554 po-

202 1560 704 1614 miliiuonullomorssitamcrslocor
750 1573 793 1625 te,
817 1561 941 1614 librariis.
970 1563 1031 1616 Ossa
1052 1565 1179 1614 Nostnrm
1202 1581 1251 1634 pro

201 1643 365 1712 Quamviste
376 1641 460 1714 longa
477 1655 643 1696 remorentur
651 1643 706 1696 fate
750 1640 877 1693 Manibus
895 1641 1037 1712 sepissime
1054 1659 1156 1712 ponere
1174 1659 1252 1693 nemo

203 1735 332 1786 κακίω,
342 1721 506 1774 Caratamcn
517 1721 637 1794 lucrymis
648 1739 706 1773 osce
749 1721 854 1790 ignorat
869 1721 921 1791 (cf.
938 1721 1019 1774 modo
1035 1723 1080 1788 IV,
1099 1719 1130 1786 ⁵,
1145 1719 1178 1788 ἀς
1200 1739 1226 1774 tt
1242 1759 1252 1787 ‚

202 1799 293 1854 future
310 1800 369 1855 tuis.
389 1801 478 1868 Quum
497 1819 613 1866 vereor,
631 1817 664 1850 ne
682 1812 707 1851 te
752 1817 786 1852 ao
799 1813 826 1852 et
845 1799 904 1871 58).
920 1830 954 1840 -
970 1800 1088 1854 Suadere
1105 1799 1253 1855 Lachman-

202 1893 354 1948 contemto,
370 1879 708 1951 Cynthia‚bustoAbstru·
750 1897 816 1933 unm
840 1892 922 1950 puto,
944 1878 1018 1952 qnod
1038 1881 1065 1932 iu
1087 1881 1119 1932 iis
1140 1880 1253 1935 fortasse

202 1956 252 2012 bet
281 1976 298 2010 a
331 1971 422 2012 nostro
459 1957 567 2032 pulvere
599 1959 706 2029 iniquus
751 1970 869 2010 tentetur
880 1955 982 2010 melius.
995 1959 1079 2010 Possit
1094 1956 1202 2028 quidem
1214 1963 1253 2012 ni·

203 2039 314 2090 Amor...
326 2041 332 2089 Ι
346 2061 358 2086 ι
371 2037 421 2088 vn
430 2035 478 2088 ulli
490 2050 552 2090 sunt
561 2036 589 2088 iu
599 2039 715 2114 Proper-3
752 2037 801 2088 mis
819 2031 932 2106 abrupte
949 2036 1066 2106 positum
1082 2034 1165 2087 videri
1183 2036 1250 2088 hoe:

203 2117 233 2170 tii
246 2114 408 2171 carminibus
422 2115 545 2172 versiculi
557 2117 707 2181 suaviores,
753 2115 838 2185 Quam
858 2131 962 2182 umor,
984 2126 1077 2180 nete,
1098 2127 1148 2168 etc.
1173 2135 1251 2169 sensu

205 2211 251 2252 tut
273 2197 359 2251 iot'uui
379 2198 476 2254 amoris
501 2196 600 2250 indices
625 2199 707 2267 magis
751 2191 910 2265 particulam
925 2207 1054 2266 poscente
1068 2189 1256 2266 disjunctivam*

204 2279 266 2331 veri.
287 2277 392 2350 Optat,
415 2289 446 2329 ut
464 2275 578 2350 Cynthia
599 2278 658 2328 viva
680 2277 707 2328 in
753 2273 888 2346 aliquem
911 2273 959 2326 sed
984 2292 1080 2345 parurn
1108 2273 1251 2330 adtendere

204 2359 268 2430 ipsis
288 2356 420 2410 cineribus
441 2357 554 2419 sentiat,
578 2369 706 2427 quantum
752 2353 1252 2428 comperimusLstinosregulam‚qua

204 2437 275 2490 vela
293 2449 396 2489 mortuo
412 2448 521 2488 ametur.
538 2437 595 2487 lloc
612 2437 633 2488 si
651 2435 709 2488 fieri
751 2434 786 2487 ab
797 2434 848 2488 alia
865 2435 940 2487 read
955 2434 1032 2488 sliam
1047 2437 1188 2505 transitur,
1203 2457 1252 2490 nec
1331 2433 1340 2448 ⁸

204 2519 306 2590 possit,
317 2529 427 2569 mortem
441 2515 491 2568 sibi
502 2517 600 2568 tristem
610 2530 706 2587 negat,
750 2515 834 2588 ipsius
844 2526 930 2586 poetae
941 2515 1026 2565 nostri
1041 2513 1102 2566 loce
1117 2514 1211 2568 desunt
1225 2519 1253 2570 in

206 2615 289 2670 quum
301 2595 396 2670 puelle
410 2614 451 2663 se,
470 2597 588 2668 qnam
603 2594 649 2648 diu
664 2615 706 2649 su·
750 2591 901 2665 exemploru
923 2590 1039 2646 citanda.
1059 2595 1100 2646 De
1121 2595 1253 2668 signitica-

204 2679 323 2750 perstiti,
341 2689 473 2730 mortuum
493 2693 599 2748 quoque
615 2694 706 2728 carum
728 2662 734 2676 ’
751 2675 825 2724 tione
838 2671 964 2725 vocabuli
975 2691 1028 2725 non
1046 2672 1102 2725 ullo
1120 2671 1178 2728 locu
1193 2674 1264 2728 vide·

206 2756 264 2809 fore
290 2758 364 2810 sciat.
386 2753 418 2807 ld
445 2771 528 2808 unuin
552 2758 652 2822 vereri,
674 2773 708 2808 ne
751 2766 809 2805 not.
826 2751 859 2804 ad
872 2755 912 2818 11,
926 2752 1028 2820 amq.

205 2833 295 2908 puelle
315 2853 342 2888 se
361 2853 378 2887 a
391 2833 472 2886 busto
485 2831 588 2885 insidiis
604 2831 709 2886 Amoris
789 2833 832 2900 aq.
844 2833 933 2886 Minas
944 2835 1109 2886 Burmannus
1125 2835 1253 2906 interpre-

206 2913 325 2967 cbstrehi
349 2914 476 2985 patiatur.
501 2913 612 2966 Matrem
633 2930 708 2964 susm
753 2925 825 2964 tatur
846 2913 937 2964 matris
960 2924 1007 2964 cut
1026 2925 1166 2981 pareutum
1185 2914 1254 2986 Cyn-

205 2993 376 3066 pottobitum
384 2993 467 3044 meriti
479 2983 604 3044 e'tumulo
612 2990 707 3046 deduci
752 2989 829 3054 thien
844 2990 981 3061 Cupidinis
998 2992 1083 3043 ruinas
1095 2991 1215 3048 Barthius
1227 3009 1253 3048 et

206 3089 261 3126 non
272 3073 390 3142 potuisse
397 3069 495 3123 Statius
504 3083 593 3122 narrat
604 3069 665 3138 silv„
675 3071 708 3137 V,
752 3067 887 3130 Kuinoel,·
903 3066 1077 3121 Marklandos
1101 3069 1198 3124 «hunc
1215 3073 1254 3127 lo·

206 3151 238 3218 3,
257 3151 325 3219 241,
346 3150 583 3222 :certesq'unqere
597 3161 708 3202 metreta
753 3167 815 3200 cum
840 3149 991 3220 suspicetur
1011 3167 1043 3200 ex
1062 3149 1151 3221 aliquo
1175 3142 1253 3224 poeta

206 3229 265 3281 lem
283 3226 377 3300 gelidis
398 3245 498 3299 nequeo
523 3228 636 3280 bustis.-
665 3227 710 3280 Se·
754 3227 846 3280 Graeco
858 3227 1017 3294 versum‚in
1032 3245 1086 3300 quo
1098 3232 1255 3285 occurrebat

209 3307 314 3379 quitur:
338 3315 388 3356 «te
407 3305 484 3358 sentit
501 3304 652 3378 habetque,
671 3305 709 3359 Te
754 3306 880 3372 institis,
892 3306 920 3358 id
930 3321 983 3374 est,
992 3309 1255 3379 promissis;utrum-

208 3383 448 3452 vidsnettumuto·
456 3397 571 3458 ortuque
580 3385 710 3458 obituque
754 3405 806 3459 que
820 3377 890 3439 enini
905 3404 970 3440 voce
991 3389 1081 3440 Gneus
1096 3389 1253 3462 significem

209 3461 319 3528 calutat3
330 3487 342 3510 ι
358 3461 432 3536 qnod
446 3463 508 3516 huic
522 3478 614 3518 nosue
631 3464 710 3518 simil·
754 3466 824 3519 unde
833 3469 960 3520 Nostrum
977 3487 1050 3520 more
1068 3487 1117 3520 suo
1134 3469 1186 3522 hoc
1204 3491 1254 3546 pro

208 3543 313 3609 limum,
328 3541 414 3610 «Quae
431 3555 461 3596 tu
476 3545 533 3596 rire
549 3563 607 3596 mea
623 3547 709 3618 possis
753 3545 800 3598 illo
813 3547 869 3612 uti,
884 3559 909 3598 et
922 3547 1121 3618 interpretatum
1135 3565 1191 3600 esse
1203 3550 1254 3601 mi-

208 3621 301 3675 sentire
305 3619 415 3692 favilla.
427 3645 439 3669 n
451 3622 545 3694 Neque
555 3641 610 3675 non
622 3636 711 3676 tuetur
754 3627 795 3680 nis
802 3663 812 3690 ‚
825 3643 906 3696 quum
919 3625 984 3677 alter
993 3625 1063 3678 forte
1075 3626 1185 3679 voluerit
1194 3648 1256 3700 pru·

210 3698 709 3774 loquendinttonemovtdtuspteum.
754 3703 874 3758 mistim
889 3703 1038 3758 Sedminas
1048 3703 1093 3756 hic
1107 3724 1161 3757 nou
1175 3726 1255 3777 posse
1340 3691 1378 3766 ¹,

211 3780 286 3846 xm,
300 3778 368 3846 503,
385 3802 397 3826 ι
407 3779 472 3832 ciuis
490 3782 548 3852 ipse
569 3781 665 3853 sepulti
680 3785 710 3835 lo
754 3785 806 3836 nisi
819 3785 931 3854 proprio
945 3801 1024 3837 nucu
1033 3784 1108 3854 capi,
1117 3788 1255 3856 superiora

211 3875 295 3930 qenes
315 3857 367 3910 hoc
386 3861 470 3924 πενίη
489 3859 591 3912 aemulo
610 3879 711 3935 quoque
754 3861 827 3915 clare
840 3860 1003 3914 ostendunt:
1022 3861 1133 3928 ·Quem
1147 3883 1255 3936 vereor,

212 3937 335 3991 »mimus
351 3935 486 3990 bosteom
506 3939 546 3992 De
563 3940 649 3994 forma
661 3942 711 3996 istu
753 3961 789 3995 ue
800 3954 855 3993 te...
867 3940 1032 3994 Abstraliats
1042 3953 1133 3993 nostro
1145 3943 1255 4015 pulvere

213 4013 406 4090 caralcctymis
415 4017 708 4093 teisvidenotadelq.
755 4021 860 4093 iniquus
879 4037 969 4085 umor,
993 4019 1076 4092 chet
1096 4031 1122 4073 et
1143 4022 1253 4078 incitam
