3122 4756
314 309 1345 358 „m

572 492 577 504 ’
627 483 874 583 ELEGIA
902 487 1039 581 XXI.

512 700 659 766 essm
683 697 852 774 nuens
875 655 1140 781 toourrun

722 1085 947 1132 ison-sternuit.

352 1202 475 1278 Gallus,
490 1213 594 1284 postte
606 1202 801 1284 propinquus
818 1198 903 1274 (vide
915 1198 991 1280 eleg·
1010 1218 1064 1274 sn,
1078 1199 1130 1279 7),
1146 1208 1216 1280 post
1236 1195 1364 1257 eisdem

314 1301 509 1375 Perusinum,
525 1319 622 1380 quum
638 1299 677 1358 ab
691 1298 817 1358 Antonii
833 1298 962 1357 stetisset
980 1293 1134 1378 partibus,
1152 1298 1185 1356 in
1201 1295 1367 1357 montibus

314 1399 432 1460 occisus
444 1399 590 1473 Etrurioe,
605 1417 742 1457 sororem
754 1395 792 1456 de
803 1394 979 1456 miserenda
990 1407 1091 1455 morse
1100 1413 1156 1455 sua
1169 1414 1225 1478 per
1236 1393 1357 1476 fugiens

314 1508 378 1556 tem
392 1495 636 1556 commilitonem
649 1493 761 1554 edocet.

775 1693 885 1708 -ο-

366 1801 450 1924 Tu,
467 1845 524 1937 qui
536 1847 726 1910 consortem
738 1861 899 1934 properas
912 1839 1053 1908 eradere
1066 1854 1203 1921 mum,

415 1952 529 2036 Miles,
542 1953 584 2021 ab
597 1955 745 2022 Etruscis
757 1956 891 2024 saucius
903 1952 1082 2045 aggeribus

367 2066 432 2151 Qui
446 2079 561 2132 nostro
573 2067 697 2157 gemitu
709 2066 876 2155 nst-gentis
887 2063 1015 2130 lumina
1026 2077 1180 2156 torques,

361 2275 382 2309 ι.
393 2259 451 2324 Tu,
462 2259 507 2330 qui
518 2269 673 2326 consortem,
682 2271 734 2313 etc.
745 2259 774 2310 ln
785 2278 824 2311 rs·
866 2259 963 2322 tutius,
979 2255 1083 2308 silentis
1094 2267 1121 2313 es
1132 2253 1215 2307 solvis
1226 2251 1280 2306 huc
1293 2266 1320 2307 et
1332 2253 1365 2305 ll'·

323 2335 462 2389 censendis
474 2335 514 2388 his
528 2335 620 2388 decem
633 2337 753 2389 versibus
764 2355 825 2409 ope
867 2337 912 2390 lue
921 2336 1032 2404 lentim
1044 2335 1227 2390 essentiatum
1236 2331 1367 2406 gemendo

324 2435 379 2468 ram
402 2414 587 2469 Lachmannus
617 2429 670 2467 tem
695 2418 824 2468 minutam
867 2407 1006 2469 tumidul-
1026 2416 1063 2468 At
1078 2425 1142 2468 tero
1160 2432 1175 2467 a
1193 2415 1292 2486 gemitu
1312 2431 1368 2464 non

324 2497 427 2567 posuit,
438 2507 467 2546 ut
483 2493 548 2545 nihil
561 2495 668 2545 omnino
675 2493 825 2565 judicemus
868 2509 971 2548 tument
983 2495 1070 2561 oculi,
1084 2495 1131 2548 sed
1143 2515 1159 2548 a
1172 2495 1249 2558 fletu;
1266 2511 1315 2545 nee
1327 2491 1370 2544 lu·

326 2570 827 2644 magisesseproprium‚qusmdesum·
870 2593 931 2646 gere
953 2571 1059 2626 Gallum
1085 2585 1189 2644 poterut
1209 2571 1299 2636 miles,
1326 2571 1372 2642 qul

325 2655 358 2704 tis
371 2655 427 2722 ejus
442 2649 527 2703 verbis
541 2668 596 2702 rem
612 2665 729 2704 nostram
741 2669 826 2721 agero.
871 2651 1077 2706 commilitonem
1087 2669 1207 2705 suumne
1216 2661 1376 2722 agnosceret¹

327 2733 364 2784 lta
378 2749 459 2802 porro
472 2732 511 2781 vir
521 2728 631 2782 doctus:
873 2732 995 2804 quidem,
1015 2735 1110 2804 cuique
1125 2729 1177 2784 hoc
1194 2745 1225 2783 nt
1239 2731 1373 2783 diceretur

362 2811 525 2862 Poematium
541 2825 596 2860 non
611 2807 762 2879 inelegans,
781 2807 829 2860 sed
873 2830 941 2883 opus
959 2825 1046 2878 esset,
1065 2811 1130 2863 Pars
1146 2829 1193 2886 eqo
1210 2829 1267 2863 sum
1286 2819 1373 2862 vestre

328 2888 397 2942 rnsle
407 2887 498 2940 sedula
510 2888 661 2938 criticorum
673 2905 735 2939 curo
744 2886 828 2960 probs
870 2891 991 2962 proxima
1010 2888 1120 2942 militie.
1146 2891 1209 2940 Jnre
1224 2889 1372 2957 meritoque

328 2981 499 3040 corruptum,
520 2984 569 3018 nos
589 2965 727 3019 meliorum
749 2965 829 3018 Codi-
872 2971 953 3040 igitur
963 2971 1089 3040 optimam
1103 2966 1208 3020 Codicis
1219 2965 1371 3034 Groninga·

329 3066 389 3100 curn
417 3065 468 3117 ope
494 3045 630 3116 ductuque
657 3047 828 3099 restituimus.
873 3051 901 3100 ni
927 3051 1101 3119 scripturam,
1123 3047 1239 3099 Liuineio
1264 3062 1372 3116 quoque

328 3131 386 3180 Jsm
406 3127 439 3178 de
458 3125 567 3198 singulis
584 3145 755 3198 exponemus.
770 3129 828 3178 rri-
870 3127 1217 3202 probstsm,sdsciscimus‚
1229 3126 1280 3196 Qui
1289 3135 1380 3178 nostro

330 3227 387 3260 mos
406 3205 549 3258 versiculos
567 3207 603 3258 its
626 3207 739 3278 scriptos
758 3207 830 3258 omni
871 3209 983 3282 gemitu,
994 3219 1092 3258 mutsts
1104 3206 1213 3275 iusuper
1225 3203 1375 3256 distinctio·

330 3301 450 3356 tempore
467 3286 549 3336 critici
565 3283 661 3336 dedere
678 3306 684 3336 ε
705 3284 768 3336 «Tu
784 3284 832 3355 qui
875 3305 917 3338 ne.
930 3283 1018 3338 Gallus
1030 3284 1137 3336 militem
1150 3279 1376 3354 fugientemsdle·

332 3375 479 3416 consortem
489 3381 628 3434 ⁴properos
651 3362 764 3416 erodere
785 3382 830 3414 cs*
876 3367 972 3436 quitor,
989 3367 1043 3434 qui,
1054 3365 1151 3434 gemitu
1164 3361 1266 3429 audito,
1279 3361 1373 3418 oculos

332 3462 407 3510 sum,
432 3441 507 3494 Miles
531 3443 564 3494 ab
585 3443 701 3496 Etruscis
727 3444 831 3497 saucius
875 3443 938 3496 fletu
950 3441 1192 3510 turgente-seclude
1201 3443 1328 3494 Perusina
1340 3440 1375 3496 sd

332 3522 490 3596 aggeribus,
520 3521 590 3591 Quid
613 3537 704 3574 nostro
733 3523 831 3590 gemitu
875 3522 1024 3594 loquentem
1046 3519 1226 3573 convertebat.
1247 3523 1287 3574 lle
1305 3523 1375 3574 enirn

331 3601 569 3673 turgentialumina
582 3604 722 3673 torquesin
734 3603 764 3652 ln
774 3599 833 3670 qui·
872 3599 1007 3672 jungenda
1020 3599 1099 3650 uerba
1114 3615 1190 3652 sunt:
1207 3599 1309 3653 lumina
1323 3611 1379 3654 lot»

332 3681 382 3733 bns
397 3692 481 3733 nostro
493 3681 768 3754 qcmiluproqemr'tu
782 3695 831 3728 no·
877 3689 938 3752 ques
959 3679 991 3729 ab
1013 3679 1124 3731 Etruscis
1145 3680 1298 3753 nqqedbsffl
1323 3697 1376 3750 quo

334 3759 380 3812 stri
391 3759 505 3829 positum
513 3757 619 3824 volunt,
632 3776 663 3808 eo
674 3773 769 3821 sensu,
779 3771 831 3824 qno
876 3755 957 3809 modo
971 3757 1043 3830 loqui
1055 3757 1155 3810 videbis
1167 3760 1307 3827 Ovidium,
1319 3761 1378 3812 Me·

335 3838 432 3902 Livius,
446 3829 833 3907 xx11,5,9emimsvulnerum
879 3849 941 3889 tam.
957 3839 1008 3904 Vl,
1021 3837 1088 3904 515,
1098 3853 1124 3891 et
1136 3841 1288 3905 Horatium,
1303 3841 1378 3910 epist.

337 3914 408 3966 dixit.
428 3917 468 3965 lta
481 3931 544 3982 ergo
558 3922 695 3982 exponunt
713 3931 718 3959 :
737 3933 748 3956 ι
767 3909 837 3980 Quid
881 3917 919 3978 ΙΙ,
942 3935 968 3984 ι,
989 3933 1046 3986 ¹²7·
1064 3917 1269 3988 l’orr01militem
1289 3915 1379 3972 Gallus

339 4006 451 4068 torquet,
468 3994 608 4059 cruciss‚·
627 3991 681 4058 vel,
700 4005 729 4044 ut
746 3995 837 4045 Passe-
884 4015 911 4046 se
926 3997 1030 4068 ipsum,
1048 4011 1076 4048 ut
1095 4012 1218 4069 parentes
1234 3997 1382 4068 gaudeant,
