3128 4766
451 371 538 434 ren
563 369 719 436 Annos
743 371 955 436 mensis.
1186 395 1225 459 η

504 551 534 602 Α.
550 548 580 601 U.
595 549 624 601 C.
639 550 706 619 7383
718 551 850 620 Propertii
861 549 905 619 37.

456 631 485 681 Ι..
501 629 647 689 Domitium
662 631 689 681 P.
704 629 842 682 Cornelius
856 629 952 701 Scipio.

221 810 280 868 Hic
301 808 335 867 P.
357 807 517 870 Cornelius
537 809 638 892 Scipio
660 810 768 871 consul
788 823 835 876 est
854 808 907 870 ille
927 812 989 892 ipse
1010 807 1103 869 freter
1123 809 1229 869 Come·

181 903 228 966 10·oe
248 904 353 981 illius,
379 903 467 986 cujus
500 919 631 967 mortem
660 907 834 990 Propertius
858 919 993 968 extremo
1018 905 1098 966 libro
1118 920 1228 985 quarto

178 1005 296 1084 (cerm.
310 1003 356 1084 11)
366 1018 431 1064 tem
440 1004 575 1086 graviter
588 1003 726 1081 deflerit,
740 1003 863 1069 consule
872 1025 935 1086 quo
947 1003 1030 1064 fecto
1041 1002 1093 1062 illo
1106 1015 1227 1065 mortus

180 1113 242 1178 est,
257 1100 425 1163 secundum
441 1123 484 1164 rs.
497 1102 555 1179 66,
571 1117 609 1164 ut
626 1103 703 1164 odeo
724 1116 846 1185 tempus
864 1103 1039 1184 scriptionis
1056 1099 1149 1184 hujus
1164 1121 1229 1162 cer·

180 1199 273 1258 minis
286 1196 426 1280 lnprbris
440 1199 474 1260 in
485 1196 570 1262 huuc
583 1201 685 1283 ipsum
701 1222 822 1264 anuum
833 1201 966 1262 incidere
977 1199 1127 1262 videatur.
1137 1201 1228 1262 Peter

180 1293 245 1377 ejus
267 1295 368 1377 Scipio
395 1293 457 1356 fuit
481 1295 656 1358 consuleris
681 1297 755 1373 ille,
783 1299 834 1358 cui
856 1297 1072 1372 Scriboniam,
1097 1309 1228 1370 matrem

179 1392 346 1468 Cornelias,
361 1391 491 1454 abduxit
503 1394 707 1470 Octavianus,
726 1393 896 1454 secundum
909 1395 1034 1455 Sueton.
1047 1393 1156 1456 Octav.
1170 1393 1227 1468 62,

178 1509 215 1548 ex
224 1510 320 1570 eaque
330 1488 447 1550 Juliom
458 1491 590 1573 suscepit
601 1489 716 1566 filiem;
728 1511 800 1550 mox
811 1503 932 1566 tamen,
942 1511 1014 1551 cum
1026 1490 1133 1551 eedem
1146 1489 1228 1552 fecto

180 1583 330 1662 divortio,
341 1588 446 1648 stetim
462 1588 584 1648 Liviam
595 1587 781 1662 Drusillam,
795 1587 999 1649 matrimonio
1015 1586 1118 1648 Tiber.
1134 1588 1230 1648 Nero·

180 1686 243 1762 nis,
257 1697 301 1762 et,
313 1683 438 1767 quidem
448 1685 627 1768 gravidam,
643 1687 764 1768 eripuit.
777 1689 905 1750 Factum
915 1684 973 1746 hoc
986 1698 1045 1763 est,
1057 1685 1228 1746 secundum

179 1785 329 1858 Dionem,
344 1785 379 1843 Δ.
397 1785 433 1846 U.
453 1786 488 1846 C.
501 1783 577 1867 716,
595 1787 693 1846 etatis
718 1786 844 1868 Augusti
863 1787 910 1846 25.
933 1787 1022 1848 Hanc
1041 1785 1082 1846 ob
1103 1805 1227 1846 causam

179 1880 325 1944 Cornelia
339 1902 369 1942 se
388 1895 477 1944 vocet
496 1903 620 1946 sororem
635 1883 724 1946 Jufiae
737 1905 781 1946 vs.
799 1885 847 1965 59.
866 1885 1018 1967 Nupserat
1036 1904 1109 1944 vero
1128 1883 1227 1944 Paulo

179 1979 305 2040 AEmiiio
319 1977 452 2061 Lepido,
466 1981 521 2062 qui
538 1980 572 2042 A.
588 1982 625 2042 U.
639 1981 715 2060 732,
730 1982 774 2042 M.
784 1981 916 2044 Claudio
927 1980 1074 2043 Marcello
1089 1981 1228 2042 AEserino

178 2091 210 2140 et
220 2079 255 2138 L.
270 2077 400 2138 Anmtio
411 2097 501 2153 coss,
512 2097 585 2138 cum
601 2080 635 2140 L.
648 2080 790 2143 Munatio
801 2079 917 2140 Ploneo
933 2099 1039 2140 censor
1055 2077 1128 2153 fuit,
1140 2078 1227 2161 quod

179 2189 208 2238 et
220 2175 364 2238 Cornelia
372 2177 478 2238 innuit
485 2198 543 2240 vts.
556 2174 591 2253 [μ
609 2191 641 2238 et
650 2178 700 2260 67
709 2181 782 2239 Tres
794 2177 904 2240 hebuit
914 2178 1027 2240 liberos
1039 2175 1093 2258 (cf.
1106 2199 1151 2240 vs„
1162 2178 1228 2256 61),

179 2272 256 2334 duos
281 2271 362 2334 filios
381 2273 523 2356 lepidum
544 2289 574 2338 ct
601 2274 732 2338 Pettium
748 2277 811 2356 (vs.
834 2273 914 2355 63),
940 2295 1099 2358 unamque
1117 2273 1225 2336 filiam.

178 2372 303 2432 Mortua
317 2392 390 2432 vero
411 2387 455 2436 est
473 2369 540 2434 hrec
559 2373 702 2436 Cornelia
721 2371 808 2434 haud
824 2374 918 2434 dubie
934 2375 1016 2434 eirca
1031 2371 1128 2435 finem
1149 2374 1227 2434 enni

179 2469 378 2550 precedentis
400 2471 468 2553 737.
487 2473 629 2554 Namque
646 2492 682 2534 eo
702 2469 865 2560 manifeste
881 2472 1002 2534 ducunt
1022 2469 1116 2532 verba
1132 2470 1229 2553 ipsius

178 2565 331 2627 Corneiite
340 2587 386 2628 vt.
398 2567 437 2628 65
447 2589 454 2626 :

362 2741 469 2789 Vidimus
478 2753 502 2790 et
510 2743 606 2790 senen
614 2743 694 2790 tellam
703 2746 832 2806 peminme
842 2743 962 2790 eumlem:

392 2811 497 2860 Coneuk
505 2827 554 2876 qno
563 2811 626 2860 iacto
634 2825 743 2876 tempore
751 2826 818 2877 repsi
826 2829 900 2861 soror.

179 2959 336 3020 Geminam
358 2959 428 3020 setta
452 2959 562 3022 curetis
583 2961 665 3024 nihil
688 2962 774 3026 eliud
797 2964 971 3045 significare
993 2975 1107 3046 potest,
1130 2983 1225 3043 quern

177 3053 304 3116 fratrem
315 3056 466 3118 Corneliae
477 3057 524 3120 bis
531 3061 747 3141 magistratum
755 3061 894 3122 curulem
901 3059 1038 3142 gessisse,
1048 3059 1225 3122 sediliutem

177 3171 290 3234 nempe
303 3167 333 3212 et
346 3167 532 3236 praettuem3
547 3155 614 3230 sed,
631 3175 730 3237 quum
742 3155 810 3237 jem
823 3155 931 3218 consul
945 3155 1122 3238 designatus
1133 3169 1225 3231 esset,

177 3267 280 3332 neque
290 3263 395 3312 tamen
405 3248 472 3332 jem
486 3252 679 3316 consulatum
695 3254 817 3330 inisset,
832 3253 973 3314 Cornelia
985 3274 1066 3314 soror
1076 3265 1161 3336 rupto
1171 3266 1225 3314 est.

176 3347 272 3421 Nam,
290 3349 315 3408 si
333 3347 460 3412 fratrem
476 3349 578 3413 adhuc
597 3349 756 3416 musulem
769 3351 909 3428 vidisset,
924 3351 1024 3413 dicere
1040 3372 1106 3412 non
1125 3365 1226 3434 posset

178 3439 305 3504 fratrem
331 3445 422 3508 modo
447 3448 618 3528 geminasse
643 3447 749 3510 sellam
776 3447 932 3522 curulem,
958 3447 1052 3530 idque
1072 3467 1104 3510 se
1124 3449 1224 3531 ipsam

177 3539 297 3604 vidisse.
311 3541 379 3604 Vox
389 3557 516 3627 ,tempore
530 3566 614 3621 vero,
633 3547 667 3604 in
680 3566 770 3608 versu
784 3547 937 3623 breviore,
952 3547 1085 3630 pertinet
1099 3544 1138 3606 ad
1155 3565 1224 3626 per·

176 3637 318 3721 ticipinm
331 3653 433 3724 rupta:
444 3645 511 3726 Epo
521 3664 602 3706 soror
610 3642 690 3709 iilius
701 3657 786 3726 rupta
797 3666 861 3706 sum
873 3659 1013 3728 tempore,
1023 3663 1080 3726 pro
1090 3643 1224 3723 tempori,

177 3733 209 3794 id
223 3748 283 3810 est,
299 3737 332 3796 in
347 3751 499 3820 tempore,
513 3739 611 3822 justo,
626 3752 805 3823 opportuno
818 3753 975 3822 tempore,
994 3759 1092 3820 quum
1101 3735 1167 3817 jem
1179 3749 1226 3796 set

178 3831 249 3892 felix
271 3833 413 3912 fuissem,
431 3858 532 3920 neque
550 3835 628 3898 mihi
644 3836 846 3920 personante
867 3837 1107 3899 inconstantium
1132 3834 1223 3917 quid·

176 3947 272 4008 quam
298 3932 414 3992 sinistri
429 3947 459 3994 et
478 3947 590 4017 preter
611 3947 715 4018 optate
740 3934 905 3997 occidisset.
928 3934 1063 3994 Pertinet
1083 3930 1145 3994 huc
1164 3932 1224 3992 Do·

178 4027 243 4084 neti
267 4027 442 4090 observatio
463 4031 502 4092 ad
525 4034 644 4093 Terent.
666 4031 760 4093 Andr.
783 4034 842 4108 lv,
858 4033 892 4107 5,
912 4053 964 4112 19,
984 4031 1085 4094 “Veni
1104 4031 1136 4090 in
1152 4041 1223 4090 tem·
