3134 4758
299 345 363 426 436
579 341 843 408 reorsnru
869 341 956 406 tre.
984 342 1051 406 111.

389 469 542 534 Forsitan
553 460 610 534 ille
622 461 688 532 elio
698 479 818 556 peetus
830 485 945 530 amore
959 465 1045 530 terit.

345 583 405 647 Est
417 575 477 645 tibi
488 577 596 645 forme
609 557 745 669 poteits,
758 557 838 642 sunt
848 589 949 670 eastre
962 573 1105 643 Palladis
1117 589 1221 658 artes,

390 684 638 781 splendideque
648 710 670 752 a
681 684 780 754 docto
791 683 882 752 ieme
895 681 1039 777 refulget
1049 707 1129 751 avo:

344 806 526 869 Fortunata
537 799 674 881 domus,
687 793 789 865 modo
800 799 845 865 sit
857 795 917 864 tibi
929 794 1017 864 lidus
1029 799 1169 864 amicus.

390 911 492 980 Fidus
507 934 565 978 ero
580 937 586 976 :
600 912 636 976 in
648 923 782 977 nostros
795 931 907 989 curre,
919 904 1053 1001 puelle,
1066 922 1169 974 toros.
1314 937 1346 972 ιο

341 1261 395 1324 Tu
405 1280 559 1352 quoque,
574 1259 632 1350 qui
646 1259 778 1324 aestivos
793 1257 972 1349 spatiosius
985 1258 1088 1349 exigis
1101 1256 1211 1347 ignes,

389 1365 529 1448 Phoebe,
541 1382 723 1434 moraturae
734 1363 896 1432 contrahe
907 1364 992 1434 lueis
1006 1369 1078 1434 iter.

295 1573 349 1640 jem
365 1567 431 1621 elius
447 1565 541 1640 puelle
555 1567 677 1640 amplexu
693 1569 800 1622 fruitur.
845 1567 967 1622 librarios
983 1568 1136 1622 differentis
1154 1566 1265 1634 fefellit,
1286 1567 1348 1620 nul·

297 1647 364 1699 Deos
375 1643 452 1715 fingis
464 1663 541 1697 veros
553 1645 687 1711 esse‚hoc
702 1658 755 1712 est,
769 1665 800 1698 ee
845 1646 901 1700 lum
923 1647 966 1702 hic
989 1649 1125 1718 vestigium
1151 1644 1267 1713 indolis,
1295 1665 1348 1720 que

297 1743 355 1796 quse
363 1722 413 1776 diis
423 1722 533 1776 testibus
542 1721 676 1796 pollicitus
684 1737 731 1781 est.
739 1725 801 1777 ovi-
846 1729 945 1798 soripts
956 1741 1032 1780 erent
1042 1730 1161 1800 quinque
1173 1728 1261 1798 priore
1272 1726 1349 1780 disti-

297 1803 370 1872 ἀίω,
381 1805 455 1857 Rem.
467 1806 558 1857 Amor.
568 1805 619 1874 687
632 1826 638 1856 :
652 1809 801 1860 «Attenec
847 1803 905 1858 elis.
921 1805 1053 1876 Scaligero
1068 1819 1194 1872 sectore,
1210 1823 1267 1877 quie
1281 1804 1349 1858 mele

297 1901 377 1937 voees
396 1883 478 1956 (quid
492 1887 562 1936 enim
581 1884 701 1938 fallacius
714 1885 802 1956 illisi)
846 1885 874 1935 in
888 1902 970 1936 unum
980 1883 1137 1937 coherentia
1147 1883 1351 1938 attulereotCo-

297 1961 398 2030 Crede,
412 1982 463 2018 nee
473 1975 585 2024 eternus
596 1964 699 2035 pondus
711 1964 803 2018 lubere
846 1961 934 2026 dioes,
948 1959 1063 2016 editores
1076 1961 1241 2034 disjunxere3
1257 1962 1304 2016 sed
1316 1981 1350 2015 ne

297 2042 364 2094 deos.
376 2063 388 2088 ι
401 2039 760 2114 helinannus-Egregie
770 2061 802 2094 eo
848 2041 885 2092 sic
899 2039 1005 2112 quidem
1021 2042 1143 2093 confusio
1158 2040 1237 2112 plene
1251 2039 1350 2094 discus·

299 2133 388 2183 oerte;
400 2139 460 2172 vera
471 2138 520 2190 ego
534 2139 585 2192 pro
598 2122 673 2174 verde
685 2138 733 2174 our
747 2141 803 2180 nou
848 2137 885 2173 se.
903 2118 975 2185 Quid
991 2121 1060 2174 enim
1079 2119 1144 2187 hoc,
1159 2123 1220 2174 ιΤιι
1232 2139 1349 2194 quoque,

299 2198 452 2252 admiserim
473 2199 501 2250 in
527 2212 676 2268 contextu,
705 2202 803 2254 neseio.
848 2197 983 2265 Phoebe,-
1006 2201 1084 2252 initio
1103 2201 1249 2252 terminis?
1264 2200 1350 2272 legs,

299 2279 430 2332 Ceterum
454 2275 614 2332 locutionem
640 2279 708 2332 hanc
734 2296 805 2333 vetos
848 2279 1120 2350 pertimoumeodem
1132 2279 1351 2352 Scaligermper-

298 2359 359 2412 deos
376 2371 484 2429 poterat
499 2355 685 2412 Lachmannus
699 2378 732 2411 ex
744 2360 803 2430 ipso
848 2357 896 2408 tim
916 2375 977 2408 cum
995 2356 1166 2410 Lachmanno
1185 2359 1351 2429 transpositis

299 2441 437 2513 Propertio
448 2439 552 2492 firmare
568 2441 619 2505 111,
637 2440 682 2504 13,
694 2439 744 2505 66,
758 2438 804 2490 ubi
848 2437 918 2487 inter
928 2453 957 2487 se
968 2434 1105 2488 distichis:
1124 2438 1206 2488 «Nox
1218 2434 1282 2488 mihi
1295 2437 1352 2506 pri·

300 2518 334 2572 de
356 2517 504 2574 Cesssndrs
529 2516 575 2570 diu
598 2536 653 2570 non
682 2517 801 2570 credite:
848 2530 890 2564 ms
914 2513 1013 2566 venit:
1036 2514 1123 2586 prime
1145 2513 1205 2566 dete
1231 2527 1350 2586 tempora

302 2598 441 2668 «Experto
464 2607 504 2648 est
527 2613 597 2648 veros
619 2597 693 2647 irrite
715 2595 804 2666 lingue
848 2593 949 2654 nostin
966 2593 1083 2663 Longius
1099 2595 1241 2665 inprime,
1259 2593 1351 2658 Luna,

300 2673 390 2726 deos.-
404 2701 440 2713 -
451 2672 544 2726 Pectus
559 2671 613 2726 alio
629 2691 717 2726 amore
732 2675 803 2742 terit,
850 2689 954 2724 morere
967 2685 1040 2738 toro,
1053 2673 1145 2745 Tuque
1156 2693 1187 2740 0,
1199 2673 1352 2744 quiestiros

300 2751 373 2824 apud
384 2749 463 2804 sliam
471 2764 566 2822 peetus
576 2753 672 2822 premit
685 2767 803 2823 pectore.
849 2752 990 2823 spatiosius
1015 2754 1095 2823 exigis
1121 2755 1213 2824 ignes,
1235 2753 1351 2816 Phoebe,

302 2830 394 2882 Teren
399 2841 505 2902 pectus,
517 2842 547 2880 ut
556 2847 610 2882 osse
620 2831 733 2882 ementis
743 2843 805 2901 post
849 2842 987 2883 motatore
995 2829 1122 2882 contrahe
1127 2828 1193 2884 lucie
1200 2832 1351 2900 iter.Quem

300 2921 413 2960 mortem
424 2906 481 2960 vult
493 2905 606 2980 Cynthia
622 2918 701 2962 terere
714 2909 805 2964 ossibus
849 2909 1005 2963 multe-ante
1018 2913 1080 2963 meis
1090 2909 1352 2963 oedentsermonibus

300 2991 353 3044 suis
365 2989 414 3056 IV,
426 3005 456 3060 7,
470 2989 514 3058 94.
849 2985 933 3055 horte,
945 2989 1040 3042 Dulcis
1052 3007 1131 3061 quem
1143 2989 1220 3040 nobis
1236 2991 1351 3042 concitet

336 3086 361 3138 7.
382 3069 431 3122 Est
448 3067 494 3120 titt
504 3066 597 3138 fomes
613 3079 712 3140 potem.
734 3072 804 3142 Gyn-
850 3084 923 3120 arms
936 3071 1040 3120 Venus!
1054 3066 1164 3118 Foedera
1176 3079 1238 3121 sunt
1249 3085 1352 3140 ponen-

300 3145 482 3215 tlu'amipssm
491 3155 623 3216 potentem
631 3144 804 3216 fomamdi-
849 3144 883 3198 ds
905 3148 1000 3217 prius,
1025 3145 1206 3219 signsndsque
1222 3149 1300 3216 jure,
1319 3147 1352 3200 Et

300 3225 336 3276 eit
349 3225 389 3291 11,
403 3221 434 3291 5,
448 3224 490 3276 sd.
503 3225 615 3276 -Sunt
625 3237 699 3278 oastoe
712 3223 804 3277 Pella-
849 3224 986 3278 scribenda
998 3224 1062 3277 mihi
1076 3223 1117 3278 lex
1130 3228 1157 3278 in
1171 3245 1260 3280 emere
1271 3243 1350 3278 noso.

300 3303 422 3357 disens.
442 3303 521 3356 Coei.
540 3302 567 3368 l,
587 3319 620 3368 s,
641 3303 754 3374 27-30.
769 3333 805 3345 -
850 3306 910 3358 llaec
918 3304 1067 3375 Amoripse
1078 3323 1128 3357 suo
1145 3308 1352 3379 constringetpi·

299 3381 365 3435 Avo.
377 3381 465 3434 Aoum
474 3380 663 3455 Cynthissdieit
671 3383 804 3450 Hostium,
848 3401 932 3454 gnere
955 3384 1048 3454 sigum
1066 3385 1152 3438 Testis
1168 3384 1276 3438 sidereoe
1295 3398 1349 3438 tote

300 3461 334 3514 de
349 3480 403 3534 quo
414 3459 515 3528 videl,
531 3479 559 3528 ι,
577 3478 599 3513 1.
849 3480 948 3516 corone
973 3462 1038 3516 dese.
1064 3464 1205 3538 Namque,
1229 3464 1349 3517 sibinen

334 3557 360 3610 9.
379 3541 495 3594 Amicus.
512 3539 579 3592 Vide
595 3541 621 3605 1,
646 3541 692 3606 13,
710 3557 750 3594 ts.
768 3571 802 3582 -
848 3557 936 3610 certo,
949 3557 999 3596 etc.
1011 3567 1021 3590 ι
1034 3574 1068 3586 -
1079 3545 1154 3598 Date.
1168 3547 1261 3598 Otiose
1275 3564 1351 3617 repe·

300 3621 389 3675 Toros.
396 3619 477 3674 Sinus
487 3617 561 3672 dedit
572 3637 603 3671 ex
613 3615 688 3672 libris
698 3618 803 3675 duobus
848 3625 905 3678 titio
918 3626 946 3674 in
957 3621 1085 3694 vulgetis:
1101 3645 1113 3668 ι
1122 3623 1182 3676 Nox
1192 3623 1255 3677 milri
1264 3627 1350 3696 prime

298 3699 494 3761 emulemur„
518 3710 590 3750 recte
608 3696 682 3751 haud
700 3697 801 3761 dubie;
846 3703 935 3766 venit,
957 3703 1046 3773 prime
1071 3702 1133 3754 data
1155 3718 1275 3776 tempore
1299 3723 1350 3756 no·

298 3777 345 3830 sed
357 3777 449 3830 itidem
459 3790 560 3830 rectum
570 3775 612 3843 id,
622 3777 694 3849 quod
704 3777 803 3832 liabent
830 3794 832 3802 ’
848 3784 911 3843 etis;
921 3805 933 3829 ι
943 3780 1085 3853 (tempore
1094 3786 1183 3854 primu
1192 3788 1278 3838 noem
1288 3801 1351 3840 sunt

299 3859 385 3910 ceteri
404 3853 526 3910 meliores
547 3875 695 3924 consensu,
709 3859 738 3910 in
756 3877 803 3912 no·
847 3861 1352 3934 dets;nequisaccipistduolrusooms

299 3947 361 3992 suos
375 3948 449 3989 toros.
525 3987 528 3994 ,
604 3992 607 4002 ,
848 3941 933 3992 mixtis
946 3939 1084 3994 versibus:
1100 3941 1217 4016 Lonpius
1233 3961 1351 4008 morere,

337 4032 376 4066 rr.
394 4014 435 4067 Tu
447 4034 564 4088 quoque,¹
572 4029 621 4069 etc.
634 4015 690 4069 Etsi
701 4030 801 4070 veteres
848 4017 934 4084 Luna,
945 4020 1040 4090 prime
1052 4023 1133 4074 noetis
1144 4025 1284 4093 tempera.)
1299 4025 1350 4074 Ve-
