3122 4756
578 512 830 618 nnnett
865 493 1084 615 xv111.‘
1136 453 1138 462 ⁴

534 745 596 812 DE
619 747 835 812 CYNTHIA
858 746 1103 832 QUERELAE.

764 987 869 1004 “

705 1173 935 1213 inonsttttrntt.

335 1277 494 1360 ingratam
506 1281 620 1342 iterum
635 1295 777 1365 expertus
790 1282 976 1366 Cynthism‚
995 1285 1082 1343 venit
1099 1283 1280 1365 Propertius
1291 1282 1345 1343 de·

294 1387 409 1435 sertum
421 1376 459 1436 ed
474 1377 596 1457 locum,
615 1391 646 1440 et
661 1379 759 1442 libere
773 1381 894 1441 narrari
913 1377 1028 1462 gaudet
1040 1399 1130 1461 posse
1145 1378 1274 1461 rupibus
1288 1377 1346 1440 do·

294 1469 377 1532 iores
389 1493 470 1535 suos.
488 1473 517 1535 0
534 1477 629 1538 vices!
649 1491 837 1538 omutetem
857 1479 989 1538 sortem!
1004 1496 1025 1536 o
1043 1476 1189 1538 miserum
1208 1496 1240 1536 se
1260 1475 1347 1538 brevi

294 1565 414 1630 fectum
432 1570 471 1632 de
486 1571 684 1634 felicissimo!
702 1574 802 1657 Colpe
816 1595 891 1635 vero
910 1593 1090 1656 ecquaensm
1106 1593 1162 1633 sus
1180 1571 1246 1634 est?
1262 1573 1347 1634 unde

295 1664 394 1748 frigus
412 1666 507 1744 illud,
522 1670 608 1731 unde
625 1672 766 1732 simultas
782 1671 904 1733 exorte?
920 1673 967 1731 An
985 1683 1159 1753 suspectam
1177 1691 1266 1732 suam
1285 1690 1349 1734 esse

296 1758 414 1822 fidem?
429 1785 470 1825 an
484 1765 578 1847 signis
593 1787 705 1847 perum
718 1767 822 1828 testari
837 1787 869 1826 se
884 1786 1025 1830 emerem
1041 1763 1155 1826 suum?
1172 1785 1212 1825 sn
1236 1760 1348 1845 objici,

297 1859 383 1939 quod
395 1861 467 1920 satis
490 1881 553 1922 non
574 1860 715 1923 didicerit
732 1865 798 1946 peti
820 1863 932 1923 leniter
952 1859 1120 1942 injuriam?
1143 1859 1208 1922 th!
1232 1860 1348 1920 femina

298 1953 387 2015 nuile
396 1959 508 2044 ¹tentari
523 1979 554 2019 se
565 1959 626 2020 alia
639 1979 726 2042 posse
739 1981 746 2018 ι
764 1974 795 2020 et
802 1972 882 2020 stare
894 1959 1013 2020 ardoris
1024 1958 1071 2020 sui
1084 1957 1131 2018 vel
1143 1969 1348 2018 monuments

299 2052 444 2114 arbores:
462 2069 492 2116 et
512 2055 571 2116 sibi
592 2057 714 2118 dudunt
728 2078 787 2140 pro
810 2057 878 2137 lege
900 2057 976 2138 poni
999 2054 1222 2138 quodcumque
1240 2053 1349 2137 jubeat

300 2149 445 2231 iniquum
456 2151 601 2234 Cynthio.
616 2153 725 2214 Saevint
738 2153 792 2213 ills
808 2153 895 2229 licet,
914 2173 971 2213 nec
985 2151 1108 2212 mollire
1122 2153 1206 2212 sinat
1222 2165 1347 2233 pectus:

301 2248 430 2329 ingrate
451 2246 531 2310 nihii
551 2251 655 2311 minos
671 2265 752 2311 amet
769 2254 833 2334 ipse
858 2271 965 2312 carum
985 2271 1103 2311 nomen
1117 2249 1284 2311 clamatum
1300 2245 1348 2329 ja·

302 2353 384 2403 ctare
397 2365 452 2426 per
468 2343 567 2407 silvas.

771 2477 881 2496 ...-

352 2581 455 2692 Hinc
466 2639 556 2692 oerte
567 2624 700 2692 deserta
713 2625 787 2693 loca
799 2641 832 2693 et
843 2627 1008 2692 taciturna
1020 2625 1189 2718 querenti,

395 2739 438 2801 Et
448 2755 593 2802 vacuum
605 2732 751 2829 Zephyri
764 2733 913 2827 possidet
924 2759 1006 2802 nura
1017 2756 1150 2801 nemus.

350 2847 412 2923 Hic
424 2844 503 2913 licet
513 2843 663 2914 occultos
674 2846 827 2938 proferre
838 2849 978 2939 impune
990 2844 1140 2928 dolores,

395 2959 428 3026 Si
440 2958 540 3026 modo
552 2959 762 3056 solalqueant
773 2983 853 3028 saxa
865 2976 979 3028 tenere
992 2957 1105 3026 fidem.

354 3068 452 3138 Unde
464 3087 541 3138 tuos
553 3074 701 3162 primum
713 3087 881 3164 repetam,
893 3095 967 3138 mea
979 3069 1140 3161 Cynthia,
1153 3065 1279 3131 fastus?
1312 3071 1327 3124 5

393 3179 492 3268 Quod
505 3179 586 3248 mihi
598 3180 658 3248 das
670 3179 789 3262 ilendi,
800 3179 960 3273 Cynthia,
972 3177 1196 3270 principium?

349 3294 413 3378 Qui
424 3290 526 3386 modo
538 3291 650 3361 felices
662 3296 749 3361 inter
760 3290 963 3360 numerabar
974 3301 1139 3363 amantes,

395 3409 493 3471 Nunc
504 3406 537 3471 in
550 3427 665 3472 amore
680 3423 739 3471 tuo
750 3425 852 3494 cogor
864 3401 989 3466 hebere
1002 3412 1128 3463 notam.

342 3643 363 3678 t.
379 3627 415 3678 Et
427 3627 558 3678 taciturna
574 3627 708 3698 querenti,·
725 3622 803 3676 silen·
849 3620 907 3672 culo
923 3620 957 3672 Et
973 3621 999 3670 io
1016 3616 1117 3666 minore
1128 3628 1207 3663 versu
1220 3608 1279 3660 vide
1293 3622 1349 3662 not.

302 3721 352 3770 us,
371 3719 459 3772 muts,
476 3703 540 3756 dom
559 3717 667 3774 questus
682 3699 802 3752 fondun-
848 3699 883 3752 od
894 3701 942 3766 tlt,
957 3699 993 3763 3,
1007 3697 1050 3748 31.

302 3793 352 3838 ior.
366 3785 438 3837 Loca
459 3783 574 3856 gementi
593 3795 680 3847 certo,
703 3777 804 3848 fidelia,
884 3772 1350 3847 d SolasoxaprodesertiQutstepe.

302 3869 459 3935 interpretes
479 3863 571 3915 voinnt
589 3879 660 3924 οπεος
677 3857 724 3912 sed
742 3877 802 3910 eum
886 3859 909 3912 5.
924 3857 998 3912 Unde
1003 3857 1119 3928 primum
1130 3863 1258 3924 repetam,
1270 3849 1352 3904 dedu·

302 3962 408 3998 sensum
426 3944 578 4014 Propertius
596 3959 650 3992 non
673 3941 722 3993 nisi
742 3952 803 4010 post
849 3955 1055 4006 cam,revocetn
1068 3946 1218 3988 contemtus
1228 3933 1306 3984 tuos?

302 4025 416 4094 primum
430 4021 562 4074 distichon
575 4022 659 4092 ponit.
676 4021 714 4071 De
725 4019 803 4090 perti·
884 4019 908 4072 8.
927 4019 960 4068 In
979 4033 1066 4068 amore
1083 4025 1126 4065 tuo
1145 4011 1236 4066 tatere
1253 4023 1348 4065 nomm.
