3116 4756
334 351 401 418 ²9⁰
632 323 893 391 PROPERTll
917 325 1004 392 ctu.
1030 328 1075 392 11.

424 455 480 522 Me
492 449 636 522 similem
646 454 766 521 vestris
778 452 929 522 moribus
941 441 1015 522 esse
1025 459 1148 548 putas?

379 569 455 635 Non
467 588 529 658 ego
541 579 610 632 tam
621 561 725 632 Facilis
736 589 745 632 t
758 580 810 632 sat
823 567 887 632 erit
899 565 981 634 mihi
992 569 1147 678 cognitus
1158 591 1264 652 nnus,

422 674 550 759 Velm,
563 673 615 742 rel
627 677 655 742 si
667 678 743 769 quis
755 678 865 744 verior
879 698 953 744 esse
963 693 1084 770 potest.

375 788 546 882 Adparent
556 809 626 854 nou
637 785 708 853 ulla
718 803 792 854 toro
804 789 942 879 vestigia
951 810 1089 881 presso,
1339 803 1372 856 35

421 902 520 992 Signa
531 897 728 991 voluptatis,
741 894 958 990 necjacuisse
969 898 1066 967 duos.

374 1007 533 1100 Adspice,
545 1010 629 1075 utin
640 1022 711 1075 toto
724 1005 839 1074 nullus
850 1007 933 1074 mibi
945 1031 1086 1102 corpore
1095 1026 1212 1103 surgat

418 1119 576 1210 Spiritus,
588 1116 736 1184 admisso
751 1132 853 1184 notus
864 1116 1041 1186 adulterio.
1062 1159 1063 1164 κ

372 1230 480 1312 Dixit,
494 1243 527 1294 et
538 1225 691 1320 obposita
702 1225 895 1320 propellens
909 1230 999 1298 savia
1011 1227 1145 1313 dextro,

418 1335 550 1405 Prosilit
560 1338 596 1402 iu
607 1334 682 1403 laxa
694 1335 772 1403 nixa
783 1335 904 1428 pedem
916 1338 1016 1406 soleo.

372 1450 424 1518 Sic
437 1470 499 1540 ego
511 1463 580 1514 tam
594 1448 701 1514 sancti
713 1461 826 1514 custos
834 1446 998 1516 excludor
1010 1451 1144 1519 amoris.

417 1563 466 1624 Ex
478 1557 536 1626 illo
548 1557 628 1626 felix
639 1580 707 1625 nox
718 1557 802 1626 milri
814 1556 910 1626 nulla
925 1558 999 1660 luit

260 1857 264 1864 η
314 1790 377 1854 ait,
389 1786 539 1859 speculator
554 1786 588 1839 ad
604 1789 716 1840 amicam
733 1789 823 1841 venire
868 1808 933 1860 pera
943 1789 1015 1862 apud
1024 1790 1158 1858 Plautum,
1167 1791 1275 1854 Trucul.
1288 1792 1327 1862 11,
1339 1794 1370 1860 5,

323 1882 378 1922 tam
405 1869 501 1920 mane?
516 1895 552 1906 —
569 1869 616 1920 Me
639 1866 752 1920 similem
782 1885 824 1918 ue·
869 1869 918 1936 26,
934 1887 1041 1942 surgere
1058 1872 1091 1925 de
1105 1871 1278 1926 lectovolena
1293 1885 1370 1945 rogat

321 1947 392 2013 sitit,
412 1959 462 1998 etc.
478 1963 556 1998 mene
575 1947 672 1998 imitari
686 1945 827 1998 hominum
868 1946 917 2002 sibi
932 1946 988 2000 dari
1002 1947 1096 2002 soleas.

320 2027 400 2078 vitam
418 2027 548 2095 impuram
563 2026 684 2095 cogitas?
700 2023 823 2077 Similem
903 2024 945 2092 41.
958 2027 1002 2080 Sic
1014 2045 1078 2102 eqo,
1097 2039 1148 2081 etc.
1164 2029 1238 2081 Hanc
1254 2028 1369 2098 scriptu·

321 2121 364 2154 me
373 2103 459 2156 vestiis
467 2101 592 2168 moribus,
607 2120 649 2154 me
663 2101 739 2168 vobis
752 2101 823 2154 sinti-
867 2121 925 2155 ram
942 2103 1124 2160 broukhusius
1146 2125 1178 2160 ex
1200 2105 1368 2159 librariorum

320 2181 389 2243 lem;
402 2179 551 2252 cujusmodi
567 2173 630 2236 tunt
646 2200 692 2246 ea,
704 2196 769 2253 'que
786 2181 824 2232 vi·
868 2179 1078 2236 aberrationibus
1092 2184 1198 2252 elicuit,
1216 2203 1273 2237 non
1290 2184 1368 2238 nimia

247 2309 249 2320 ‚
323 2261 409 2314 dimus
424 2261 450 2327 1,
466 2277 497 2329 9,
517 2275 557 2314 rt.
868 2262 973 2333 quidem
994 2263 1090 2316 malam
1108 2264 1196 2336 ittamj,
1212 2283 1262 2318 nec
1280 2277 1367 2316 tamen

356 2341 399 2394 33.
409 2339 539 2413 Coqnitrts.
550 2340 703 2414 Copnoacere
712 2336 745 2390 de
755 2357 824 2390 com·
867 2357 970 2407 veram,
982 2343 1004 2393 si
1021 2341 1083 2412 quid
1096 2343 1185 2396 rideo.
1198 2346 1267 2398 Nam
1280 2362 1368 2416 neque

319 2422 435 2485 morcio,
451 2417 524 2490 qnod
536 2417 676 2470 intercedit
689 2419 744 2468 viro
762 2434 824 2468 cunt
867 2422 1368 2496 amoriscustpdemrectecliciputospe·

320 2500 417 2551 femina
433 2500 490 2549 :ita
507 2495 677 2552 etiarnOvid.
696 2495 822 2546 Heroidtl.
866 2497 1006 2555 mlotorem
1014 2504 1117 2571 cuticoe,
1129 2503 1264 2575 quomodo
1273 2504 1384 2575 loquo-t

319 2579 370 2643 vl,
386 2576 444 2628 133.
458 2576 559 2626 Pariter
573 2592 622 2627 noc
631 2573 701 2626 Galli
711 2571 821 2627 verbum
866 2591 909 2630 tus
925 2593 964 2630 est
975 2593 1055 2650 poeta
1072 2600 1109 2634 vs.
1128 2582 1180 2651 31,
1195 2597 1257 2650 aut,
1268 2597 1298 2635 ut
1308 2584 1366 2654 ipsa

318 2669 438 2710 nocuum
450 2671 610 2725 usurpamus
620 2652 763 2706 couucltre.
866 2657 1048 2712 broukhusius
1066 2663 1193 2732 exponit,
1216 2661 1366 2716 cobsarva-

354 2737 396 2806 37.
417 2733 516 2788 Nullus
527 2735 556 2786 itt
565 2743 617 2786 toto
629 2751 734 2804 corpore
744 2733 822 2804 spiti-
864 2747 968 2801 torem,
980 2738 1190 2808 speculatorem,
1205 2739 1366 2794 curiosulum

319 2824 378 2866 tus:
392 2810 451 2866 ride
469 2814 498 2877 l,
517 2809 549 2878 5,
572 2828 612 2862 nn.
631 2812 717 2863 Notio
733 2821 821 2862 autent
864 2832 926 2866 cum
936 2816 1020 2869 oculis
1034 2820 1201 2880 emissicii„-
1217 2838 1306 2891 nequa
1319 2839 1365 2873 ex·

318 2892 421 2962 spiritus
436 2892 545 2944 adarim
560 2888 689 2942 adulterio
700 2909 707 2938 .-
719 2886 779 2940 vide
792 2887 820 2955 l,
864 2891 1177 2968 eludebaturtum,quum
1184 2895 1365 2964 illudmatum,

319 2971 352 3038 8,
363 2971 407 3039 46.
416 2971 523 3043 Suryere
532 2968 565 3021 tle
575 2969 678 3041 spirim,
692 2981 722 3020 ut
733 2968 759 3034 1,
775 2967 820 3035 16,
866 2970 939 3042 quod
951 2971 1001 3024 sibi
1015 2972 1141 3026 accidisse
1152 2989 1254 3039 narrat,
1267 2986 1366 3046 patere·

317 3051 362 3104 32.
382 3051 508 3123 Spiritus,-
529 3050 684 3121 suspiritus,
706 3046 820 3115 halitus,
864 3059 921 3116 tur,
935 3051 1094 3120 Propertius.
1112 3053 1141 3102 ln
1156 3053 1263 3122 optimis
1277 3067 1366 3106 autem

319 3147 398 3202 quam
414 3127 482 3181 solet
500 3147 573 3194 asae,
591 3129 672 3198 magis
686 3127 819 3199 frequens.
864 3124 935 3180 libris
954 3125 1049 3198 legitur
1070 3130 1171 3182 metode
1189 3127 1318 3194 metator,-
1336 3133 1365 3184 in

354 3207 397 3278 39.
411 3208 507 3268 Socim
524 3225 598 3272 mes,
613 3223 670 3278 qua
686 3205 820 3258 tentabam
864 3204 968 3273 multis,
979 3205 1025 3260 aed
1035 3205 1223 3274 deterioribus,
1234 3221 1315 3262 custos
1325 3229 1364 3263 ue-

317 3286 414 3340 inlerte
433 3287 466 3339 ei.
483 3286 561 3340 Savia
577 3303 627 3357 pro
642 3285 731 3340 suavia
747 3283 819 3350 ‹ledit
863 3281 968 3346 duduc,-
982 3283 1027 3336 alii
1042 3284 1124 3337 aliter.
1140 3287 1196 3337 Viri
1206 3285 1278 3338 docti
1292 3291 1363 3342 varia

316 3365 503 3418 heumannus
513 3382 573 3418 cum
583 3363 820 3442 NeapolitanoUCo-
863 3361 1016 3430 moliuntur,
1022 3362 1069 3415 ced
1076 3363 1142 3415 nibil
1150 3363 1286 3436 probabile
1295 3388 1301 3417 :
1312 3385 1363 3420 uec

316 3443 388 3512 dico,
399 3463 479 3517 quant
488 3442 636 3498 dulciorem
645 3441 752 3494 auribus
760 3442 819 3494 scri·
862 3439 1006 3512 quidquam
1013 3443 1293 3513 promittodeveritate
1301 3467 1362 3502 con·

218 3567 222 3572 .
317 3538 422 3596 pturam
441 3523 670 3578 commendaverat
682 3521 740 3589 jem
758 3533 818 3572 ante
859 3522 967 3591 jacturas
976 3523 1361 3600 memnisiquodhaudinepte

316 3603 441 3658 Baxtamu
462 3604 496 3656 ad
516 3603 618 3656 Horatii
638 3597 744 3670 epodon
764 3599 817 3664 Ill,
861 3600 940 3651 scribi
962 3619 1040 3671 posse
1060 3603 1203 3658 existimor
1228 3607 1294 3660 «δίο
1311 3627 1360 3680 ego

318 3697 360 3736 nt.
375 3711 407 3723 ·-·
417 3681 536 3746 Prosilit,
550 3697 565 3730 e
578 3678 647 3730 lecto
661 3676 771 3747 prosilit.
782 3705 818 3717 -
861 3690 915 3730 tam
926 3681 1010 3732 macti
1018 3680 1095 3733 cultu
1105 3681 1223 3739 secludet
1232 3689 1333 3740 amoris.
1345 3711 1356 3736 ι

317 3759 414 3828 Solea,
436 3757 566 3831 crepida,
585 3754 702 3808 sandalia
719 3754 749 3807 id
770 3773 817 3826 ge·
859 3755 1165 3813 Lachmann—Cum
1176 3775 1233 3816 toto
1244 3766 1358 3817 carmine

317 3856 383 3906 nus,
401 3837 496 3910 quibus
516 3836 588 3890 domi
613 3835 718 3888 utimur.
738 3836 817 3886 Puer-
860 3835 1077 3906 consiliemus,
1091 3839 1266 3906 Odes,v1‚6.
