3122 4756
479 347 1036 480 ninellrnn
1372 517 1374 528 sp

283 621 592 770 Linos
636 618 1182 856 snennons.

578 1091 835 1227 ΕιΕ(;ιΑΙ
858 1097 894 1190 1.

526 1307 590 1370 AD
612 1305 938 1373 MAEGENATEM.

628 1701 851 1740 ARGUMBUTUU.

255 1807 455 1884 Mirantibns,
470 1827 526 1868 eur
540 1806 761 1885 indesinenter,
776 1829 876 1892 quum
887 1809 1007 1887 scribit,
1022 1813 1148 1874 Veneris
1161 1814 1268 1876 leudes

213 1919 346 1988 repetat,
355 1925 423 1966 non
433 1905 473 1964 ab
488 1903 634 1986 Apolline
646 1906 783 1988 accipere
794 1926 826 1967 se
835 1907 1017 1989 ingenium,
1031 1909 1116 1970 seda
1132 1911 1274 1994 Cynthia

214 2021 269 2063 sus
285 2003 463 2086 Propertius
475 2001 649 2084 respondet.
662 2002 757 2080 Quod
766 2004 791 2064 si
803 2017 906 2085 posset
921 2007 1036 2086 magis,
1048 2007 1129 2067 etad
1144 2005 1267 2070 heroica

214 2099 292 2160 vires
308 2095 499 2173 sufficerent,
516 2111 638 2180 partem
652 2098 765 2158 Caesari
780 2098 914 2180 gloriam
928 2098 1027 2175 bello,
1045 2113 1092 2162 tot
1105 2102 1267 2179 victorias,

45 2245 48 2252 .
103 2256 108 2270 Ι
214 2207 262 2255 tot
275 2207 360 2256 actos
372 2192 566 2276 triumphos,
585 2194 619 2254 in
636 2194 734 2276 iisque
747 2213 869 2276 semper
884 2196 1059 2256 Maecenatis
1072 2199 1269 2279 conspicien-

214 2291 287 2352 dam
299 2289 404 2368 fidem,
418 2291 521 2373 prima
534 2303 564 2350 et
579 2292 672 2350 unica
686 2289 794 2351 futura
809 2289 867 2350 sibi
880 2310 944 2351 esse
960 2303 1143 2372 argumenta
1156 2295 1268 2354 carmi-

214 2391 272 2450 nis.
282 2389 387 2450 Vetari
400 2388 553 2449 saliatem
568 2388 680 2474 exigno
688 2389 805 2471 pectori
816 2411 824 2448 z
835 2401 947 2450 natum
959 2407 1008 2465 se,
1023 2410 1117 2470 quem
1132 2389 1270 2452 habeant

215 2501 352 2546 amantes
370 2499 517 2567 poetsm3
537 2485 572 2546 in
589 2484 649 2546 hoc
663 2486 800 2568 reputari
814 2485 872 2546 sibi
889 2483 1014 2546 laudem
1030 2487 1178 2568 positam,
1192 2501 1229 2548 ut
1240 2501 1269 2548 et

216 2607 353 2648 amemus
369 2597 400 2646 et
418 2584 634 2658 redamemnr3
653 2605 778 2646 oausam
793 2584 851 2646 sibi
867 2585 976 2644 mortis
990 2584 1058 2646 fore
1074 2586 1169 2648 serius
1184 2587 1269 2650 ocius

216 2681 350 2764 puellam
363 2701 461 2742 suam.
1198 2693 1201 2701 ’

685 2831 796 2848 *-

266 2935 466 3074 Quemne,
486 2965 578 3034 unde
590 2965 673 3032 mihi
686 2967 784 3032 toties
799 2964 989 3032 scribantur
1002 2987 1151 3047 amores,

309 3075 408 3145 Unde
422 3099 519 3145 meus
533 3076 645 3143 veniat
658 3071 769 3141 mollis
781 3075 816 3140 in
828 3096 889 3155 ora
902 3071 998 3139 liber.

266 3191 340 3255 Non
351 3164 425 3256 haee
435 3186 601 3280 Calliope,
615 3207 683 3254 non
697 3183 770 3252 haec
780 3181 863 3250 mihi
874 3197 986 3250 cantat
1000 3181 1119 3275 Apollo
1130 3209 1137 3248 :

311 3301 488 3394 ingenium
501 3297 599 3367 nobis
614 3298 686 3390 ipsa
699 3293 815 3388 puella
826 3293 915 3362 facit.

255 3463 722 3539 a.dlollis‚amatorins‚elegiaens.
768 3485 829 3518 enm
854 3467 1005 3518 Burmanno
1026 3462 1152 3516 Kuiaoel.
1179 3463 1271 3514 Ceteri

217 3543 283 3604 Vide
296 3544 330 3598 ad
341 3563 408 3599 vers.
422 3545 466 3614 ⁴¹·
767 3557 874 3612 curtat,
898 3545 971 3619 qnod
994 3558 1026 3598 ut
1043 3540 1128 3596 Codd.
1146 3540 1273 3594 fidestne·

253 3624 278 3676 3.
295 3625 358 3678 Non
373 3623 427 3676 loe
444 3623 576 3696 Calliope,
593 3633 644 3674 ete.
658 3623 723 3676 Ovi·
768 3639 825 3692 tur,
838 3628 875 3678 ita
885 3639 959 3678 recto
969 3641 1048 3678 sensu
1058 3639 1143 3694 perse
1154 3623 1272 3692 positum

219 3701 292 3772 dias,
305 3705 384 3758 Trist.
400 3703 439 3770 V,
458 3719 488 3770 ι,
506 3719 554 3771 27,
567 3699 601 3753 de
612 3701 722 3754 miseriis
766 3704 943 3758 defendimus.
962 3703 1076 3756 Cartare
1090 3701 1160 3756 enim
1173 3699 1272 3772 Apollo

217 3784 284 3838 suis:
300 3785 381 3836 uNon
395 3781 449 3834 hac
465 3783 589 3854 ingenio,
602 3798 657 3832 non
667 3779 723 3832 lsec
767 3784 890 3858 fingitur,
902 3783 965 3836 dum
977 3779 1122 3836 scribentes
1138 3781 1274 3852 excipiunt

218 3865 403 3936 componimus
411 3861 650 3915 arterllsreriaest
659 3878 724 3932 pro-
767 3865 824 3934 ejus
856 3861 937 3915 verba
962 3873 1054 3932 poetas.
1085 3857 1151 3912 Inde
1177 3858 1273 3930 virgil.

219 3945 284 4016 priis
303 3945 440 4015 ingeniosa
459 3941 544 3994 malis.
562 3963 574 3988 ι
593 3940 724 3992 incertam
767 3938 872 3994 AEneid.
883 3943 909 4006 l,
921 3941 955 3993 8:
971 3939 1087 4004 «Musa,
1099 3936 1168 3990 milri
1180 3955 1274 3991 causas

220 4027 359 4080 lectionem
371 4025 453 4078 dietas
463 4041 513 4096 pro
519 4031 617 4088 mnus,
625 4022 724 4094 recepit
768 4037 901 4086 memoro,
913 4035 967 4088 quo
981 4015 1091 4069 nurnine
1104 4015 1182 4083 lese,
1196 4028 1246 4070 ete.
1260 4039 1283 4107 a·

1074 4127 1111 4169 10
