3128 4766
297 341 340 408 56
604 341 979 430 propensum.
1007 345 1033 406 1.

387 470 516 540 Gaudia
527 469 591 538 sub
603 472 703 538 tacita
715 470 839 540 ducere
850 485 943 542 veste
954 469 1045 539 libet.

341 589 417 670 Quo
427 583 533 675 magis
545 595 580 648 et
590 596 724 650 nostros
736 579 911 664 contendis
923 579 1054 649 solvere
1065 603 1216 663 amores,
1313 593 1344 644 ιι

389 697 462 759 Hoc
473 693 579 783 magis
591 707 727 785 accepta
738 688 824 758 fallit
834 706 978 785 uterque
989 689 1066 758 fide.

341 803 418 868 Non
429 803 569 894 impune
579 800 666 869 feres
678 825 686 867 ι
700 803 781 868 sciet
792 799 867 868 haee
878 802 996 868 insana
1009 799 1141 893 puelia,

388 915 431 979 Et
440 911 500 980 tibi
511 936 581 981 non
592 913 701 980 tacitis
713 911 850 980 vocibus
862 909 969 978 hostis
981 913 1056 981 erit.
1308 987 1318 996 ,

343 1027 371 1090 N
374 1047 413 1091 ec
423 1023 484 1092 tibi
495 1047 550 1090 me
561 1038 639 1117 post
649 1021 724 1090 haec
735 1024 922 1091 committet
931 1021 1091 1116 Cynthia,
1105 1045 1170 1090 nec
1184 1038 1216 1089 te

389 1139 546 1222 Quaeret:
560 1139 623 1203 erit
633 1137 719 1202 tanti
733 1136 882 1202 criminis
895 1132 954 1201 iila
966 1157 1115 1218 memor3
1206 1123 1209 1130 ’
1314 1161 1347 1198 20

344 1248 387 1314 Et
399 1261 433 1313 te
444 1247 572 1312 circum
583 1265 701 1312 omnes
712 1241 794 1311 alias
808 1246 894 1311 irata
904 1243 1036 1337 puellas

391 1355 532 1424 Differet
544 1381 552 1421 :
564 1354 648 1422 heu!
662 1353 757 1424 nullo
771 1354 886 1422 limine
897 1377 996 1423 carus
1009 1357 1086 1422 eris.

348 1466 463 1535 Nullas
476 1465 534 1534 ilia
545 1469 616 1535 suis
628 1483 824 1536 contemnet
835 1465 974 1534 fletibus
981 1489 1075 1546 aras,

392 1583 435 1646 Et
445 1581 651 1674 quicumque
662 1601 773 1660 sacer,
787 1576 911 1672 qualis,
925 1577 1065 1673 ubique,
1078 1575 1175 1670 lapis.

347 1693 421 1756 Non
433 1687 505 1757 ullo
517 1690 652 1781 gravius
665 1705 813 1756 tentatur
825 1685 970 1782 Cynthia
981 1685 1123 1770 damno,
1316 1697 1348 1750 25

392 1803 503 1885 Quam
514 1799 577 1868 sibi
589 1824 698 1895 quum
709 1815 807 1893 rapto
819 1815 929 1867 cesset
939 1822 1053 1868 amore
1063 1797 1165 1882 deus3

348 1911 519 2002 Praecipue
530 1926 657 1978 nostro.
673 1915 810 1978 Maneat
821 1911 869 1977 sic
880 1931 1029 2000 semper,
1041 1907 1164 1992 ador03

395 2026 465 2090 Nee
476 2021 659 2116 quidquam
671 2021 800 2105 exilia,
813 2017 904 2116 quod
915 2043 1051 2115 querar,
1063 2018 1243 2088 inveniam.

304 2243 362 2296 que
384 2224 529 2298 probamus
550 2228 579 2278 in
605 2227 738 2298 corpore?
763 2227 804 2278 Ne
847 2223 1045 2296 posen-Nee
1059 2231 1084 2274 te
1094 2229 1199 2312 queret,
1215 2235 1264 2272 nse
1276 2219 1351 2310 femi·

304 2300 397 2356 eredes
409 2324 416 2367 ς
428 2304 474 2357 sed
484 2303 592 2357 habitus
601 2305 745 2376 respexerit
756 2301 806 2356 eie·
848 2304 988 2357 list-itatem
997 2316 1083 2368 tuam,
1094 2313 1125 2352 ut
1133 2317 1222 2371 prius,
1237 2297 1349 2369 optabit.

303 2385 433 2455 gantiam,
451 2397 479 2438 et
490 2386 606 2458 speciem
622 2383 706 2456 qualis
721 2385 751 2436 in
764 2384 805 2435 in·
885 2383 1088 2447 21.Ette‚ete.
1105 2392 1131 2432 et
1145 2375 1351 2450 invidiamopud

303 2482 391 2535 genoe
410 2465 509 2518 femina
529 2467 580 2527 sit;
599 2463 715 2527 Gallice,
730 2461 803 2529 fair,
849 2463 913 2517 alies
925 2480 1018 2515 omues
1032 2459 1168 2513 eoumabet
1178 2459 1279 2510 nomini
1295 2471 1351 2508 tuo.

304 2541 333 2596 Ia
358 2554 497 2610 teutmaro,
522 2541 557 2597 les
578 2543 705 2595 manem
730 2539 806 2593 d'une
849 2536 1354 2614 Duffem‘,iufamari‚utel.16‚48.—

299 2621 401 2694 forme
417 2623 475 2675 bien
494 2623 563 2684 nde3
576 2633 603 2674 et
621 2622 699 2673 unice
716 2638 805 2673 veram
849 2621 934 2675 Νιιὶἱο
948 2619 1056 2686 limine,
1068 2617 1142 2671 nulls
1155 2615 1247 2669 domo.

305 2703 401 2773 opinor
411 2701 520 2776 inqenui
535 2699 628 2753 sotoris
641 2699 711 2751 bano
725 2701 806 2752 inter·
886 2701 928 2752 23.
940 2698 1038 2755 Nullas
1049 2717 1108 2751 aras
1118 2707 1281 2772 contereret,
1297 2713 1351 2747 non

304 2781 489 2852 pretationem.
501 2778 640 2832 -Mudtis
654 2779 731 2831 decus
744 2778 807 2831 arti·
850 2793 972 2852 sparget,
980 2779 1089 2856 fletibus
1105 2777 1166 2841 suis,
1182 2777 1210 2827 in
1227 2775 1354 2826 ultionem

305 2862 358 2913 bus.
370 2857 435 2912 Vids
453 2857 487 2911 ad
503 2857 534 2911 el.
549 2865 580 2925 ιζ
595 2877 619 2912 2.
633 2888 669 2898 —
682 2859 718 2910 Et
731 2875 807 2932 quse,
849 2861 951 2932 injurie
961 2858 1025 2911 deos
1037 2857 1177 2910 advocans.
1186 2855 1354 2908 Observatio-

306 2953 357 2991 ete.
381 2951 406 2991 et
427 2937 524 3010 quibus
543 2956 602 2990 eum
620 2935 666 2990 iiia
683 2935 808 3009 perfundi
851 2937 977 3008 sedigno
990 2936 1048 2989 hee
1061 2948 1193 2988 structura
1208 2945 1256 2986 est.
1304 2955 1310 2981 e

306 3017 371 3070 libet
396 3017 519 3090 gaudiis,
545 3017 625 3069 tacita
651 3017 696 3069 sub
723 3027 807 3080 veste,
890 3013 931 3070 25.
954 3017 1017 3070 Nost
1036 3015 1102 3068 ullo.
1123 3012 1252 3084 Propertii
1269 3008 1353 3080 negli-

307 3112 408 3152 secreta
420 3098 471 3151 sub
486 3097 550 3151 leeti
563 3094 689 3168 stragula.
707 3097 809 3150 Vestem
852 3097 969 3168 gentiam
1000 3093 1073 3147 vides
1092 3115 1099 3145 :
1120 3105 1160 3144 ter
1185 3091 1354 3161 negationem

306 3181 343 3231 ita
352 3176 473 3231 Catullus
487 3177 583 3246 habet,
594 3178 674 3230 Lxlv
680 3215 689 3242 ‚
704 3179 762 3232 163.
854 3179 929 3230 istam
949 3177 977 3227 iu
997 3187 1111 3246 quatuor
1129 3169 1248 3222 versibus
1268 3167 1353 3241 ponit.

345 3258 385 3310 16.
400 3257 459 3309 Hoc
466 3259 550 3331 maqis
561 3271 587 3310 te
600 3269 708 3330 uterque
715 3255 795 3329 fallit
800 3295 809 3322 ,
854 3284 890 3294 —
902 3255 985 3317 Deus,
1000 3248 1114 3323 Cupido.

307 3349 411 3410 accepta
422 3335 526 3409 (grata)
536 3341 618 3409 magis
630 3339 734 3410 utrique
741 3335 809 3409 fide.
891 3349 933 3402 27.
949 3331 1085 3402 Proeet'pue
1099 3336 1194 3381 nostro.
1213 3324 1255 3377 sie
1272 3321 1355 3378 edidit

306 3417 475 3471 Vocabulum
487 3417 570 3489 maqis
587 3419 625 3469 ita
635 3415 810 3490 repetendum
855 3425 926 3466 recto
938 3409 1039 3482 judicio
1049 3405 1235 3460 Laobmnnus
1247 3427 1253 3457 ε
1267 3421 1355 3457 suase·

309 3497 413 3568 opinor.
484 3497 488 3510 '
853 3503 895 3544 rat
909 3489 1045 3554 Heinsius,
1058 3500 1085 3540 et
1100 3483 1189 3539 Codex
1203 3484 1274 3556 apud
1288 3483 1357 3538 Geb-

348 3592 386 3644 ¹7·
404 3573 468 3626 Hoec
483 3575 576 3646 scripti
590 3572 711 3626 meliores
726 3589 811 3641 agno-¹
854 3566 965 3620 bardum
977 3564 1092 3618 exhibet.
1102 3561 1190 3633 Vulgo
1200 3564 1293 3628 nostri,
1304 3561 1356 3613 hoe

308 3665 394 3720 souat,
401 3671 480 3706 sensu
492 3651 646 3706 clarissimo.
654 3652 713 3704 Hoc
721 3653 809 3703 Burm.
855 3659 909 3712 est,
919 3643 1036 3717 Cynthia
1050 3644 1077 3696 iu
1092 3661 1148 3709 me,
1164 3639 1236 3714 quod
1248 3659 1357 3714 prorsus

308 3747 335 3786 et
348 3734 430 3785 Kuin.
446 3751 478 3784 ex
494 3733 551 3786 eliis
565 3730 638 3783 libris
656 3731 713 3781 sine
728 3745 809 3780 eausa
854 3725 974 3786 falsum
999 3725 1093 3776 Bassus
1121 3723 1191 3774 enim
1218 3721 1357 3794 Propertio
1394 3722 1401 3740 '

309 3824 452 3884 reponunt.
460 3841 496 3851 -·
504 3813 610 3875 Inserta,
623 3809 720 3860 furens.
854 3801 969 3876 pueliam
983 3821 1038 3854 uon
1050 3799 1173 3854 studebat
1185 3801 1302 3873 stipere,
1312 3799 1358 3854 sod

323 3901 325 3904 '
348 3907 386 3958 ¹9·
398 3892 454 3943 Nec
465 3890 511 3941 tibi
521 3908 563 3941 me
572 3887 727 3952 committet,
737 3884 810 3936 adire
854 3883 949 3957 puelle
962 3883 1273 3956 Propertium—Adoro
1280 3923 1289 3950 ‚
1306 3902 1359 3956 pro¹

309 3991 351 4023 me
367 3969 514 4042 periculum
528 3971 598 4022 sinet
613 3966 732 4019 amicitiae
750 3977 809 4017 tute.
855 3960 942 4035 simpl.
961 3982 1023 4028 oro,
1042 3976 1071 4015 ut
1085 3961 1162 4016 Ovid.
1175 3960 1303 4015 Heroidd.
1316 3961 1358 4025 X,

309 4048 487 4114 committere,
497 4065 575 4101 sensu
585 4064 640 4118 quo
648 4044 759 4097 dicimus
767 4061 810 4096 ex·
858 4043 905 4110 141
917 4063 924 4105 ;
935 4042 1028 4114 virgil.
1041 4045 1102 4097 AEn.
1117 4043 1158 4110 X,
1172 4041 1235 4112 677.
