3128 4760
575 382 753 450 ranora
778 381 906 468 xxm.

307 511 350 575 Et
362 505 483 591 adure,
494 505 610 602 Libyci
622 505 734 577 nobile
746 507 856 577 dentis
868 531 970 602 opus,

260 617 370 687 Altera
381 615 527 712 dejectos
541 622 678 687 Parnasi
691 621 815 688 vertice
826 617 958 702 Gallos,
988 631 990 642 “

306 727 418 798 Altera
429 728 592 798 moerebat
603 729 723 797 funera
736 727 944 798 Tantalidos.

259 838 388 906 Deinde
402 841 489 906 inter
500 857 642 908 matrem
656 839 738 907 deus
752 841 825 932 ipse
836 845 990 932 interque
1002 854 1153 906 sororem
1226 853 1257 908 ¹5

306 947 444 1040 Pythius
456 950 491 1015 in
503 947 605 1043 longa
616 950 765 1018 carmina
778 963 869 1016 veste
881 963 990 1015 sonat.

212 1168 305 1222 bulum
319 1168 391 1223 istud
403 1168 475 1223 Auro
488 1167 630 1226 Beroaldus
641 1170 712 1224 unde
758 1171 852 1223 dorem.
874 1167 979 1224 Scilicet
1000 1164 1067 1220 libro
1085 1167 1098 1218 1
1105 1204 1114 1233 ,
1136 1167 1184 1236 16,
1205 1167 1255 1221 23:

211 1249 342 1321 receperit
356 1268 413 1302 non
433 1263 552 1316 constat,
568 1253 619 1304 nisi
639 1251 712 1325 quod
759 1250 825 1300 -Me
838 1245 929 1300 medie
939 1259 1044 1312 noctes,
1055 1263 1097 1298 ma
1105 1245 1191 1298 sidera
1197 1265 1259 1318 pro-

210 1327 278 1382 liber
289 1327 362 1402 apud
378 1331 518 1382 Burmann.
535 1329 710 1402 interpolatus
756 1345 789 1379 ns
803 1327 949 1398 jacentem,
968 1323 1123 1398 Fripidaque
1140 1326 1196 1377 Eoo
1215 1343 1258 1378 me

210 1405 413 1474 unusexlsibet,
428 1410 510 1463 etalii
524 1408 644 1462 duonon
657 1431 710 1466 me·
754 1405 826 1459 dolet
842 1423 906 1458 aura
924 1401 1015 1477 gelu·
1039 1405 1072 1456 Et
1089 1405 1139 1470 lll,
1160 1404 1205 1470 13,
1227 1420 1256 1456 ts

210 1483 289 1538 liores
309 1485 485 1540 subindicant.
505 1486 604 1542 Sinceri
623 1489 711 1542 ceteri
757 1487 913 1555 sQuaeritis,
924 1481 996 1536 unde
1006 1483 1088 1536 uvidis
1097 1503 1151 1536 nox
1160 1485 1194 1536 sit
1202 1502 1259 1555 prs-

210 1564 306 1636 (Regii
317 1567 415 1633 stiam,
431 1566 526 1639 quibus
541 1569 654 1634 utimur,
673 1569 710 1636 G,
754 1569 822 1620 tiosa
836 1564 947 1639 puellis,
963 1565 996 1615 Et
1007 1566 1111 1618 Venere
1125 1561 1258 1618 exhauste

211 1643 252 1716 D)
269 1644 390 1718 thuo,·
405 1663 475 1699 uuus
490 1647 534 1698 lix
550 1667 610 1720 quo.
626 1645 711 1700 Lach-
758 1645 855 1698 damna
882 1653 1025 1716 querantur
1050 1660 1118 1714 opes.
1133 1665 1145 1689 ι
1176 1640 1257 1694 Libro

210 1739 324 1774 mannus
344 1723 408 1796 legit
426 1743 433 1775 r
455 1725 549 1798 slirqo
567 1725 635 1778 Solis
656 1737 711 1778 erat
754 1727 806 1793 lV,
822 1742 866 1792 rr,
881 1724 934 1794 37:
949 1723 1064 1775 a'l'estor
1075 1723 1204 1793 majorum
1220 1723 1259 1773 ei-

211 1817 290 1872 snpra
313 1801 416 1873 fastigia
440 1819 566 1855 currus·
594 1805 712 1856 Positum
757 1823 864 1858 neres...
876 1821 926 1854 nec
939 1801 993 1854 ulla
1004 1801 1076 1854 Labe
1088 1821 1147 1854 mea
1158 1814 1258 1854 vestros
1298 1795 1328 1846 ’.

211 1875 297 1952 Erpa,
309 1893 338 1934 ut
350 1883 399 1932 erit
416 1896 478 1934 moa
487 1885 537 1948 Ill,
549 1882 582 1949 3,
600 1901 649 1954 29,
665 1883 712 1936 ubi
755 1885 879 1936 embaisso
890 1882 998 1953 socos·
1014 1910 1050 1922 -
1060 1883 1178 1954 Dejectos
1195 1877 1260 1933 Gal·

210 1956 279 2010 vide.
299 1988 335 1998 -
356 1961 440 2032 Supra
457 1951 577 2034 fastiqia.
599 1961 712 2014 Simula-
755 1958 794 2014 ios
816 1961 929 2011 Parnasi
949 1959 1059 2024 uertice,
1080 1977 1163 2030 quum
1188 1956 1258 2010 daec

212 2054 257 2090 ora
283 2036 393 2092 deorum
416 2051 491 2092 vecta
514 2039 633 2092 curribus
654 2059 712 2094 mos
755 2040 858 2092 Brenm
885 2038 1001 2110 predam
1023 2052 1168 2112 quarentes
1184 2049 1259 2090 'tem-

212 2116 335 2188 sntiquus
352 2119 402 2171 fuit
419 2119 526 2170 summis
538 2117 642 2190 templis
659 2120 711 2170 im-
755 2116 830 2188 plum
853 2114 984 2187 Apollinis
1006 2117 1128 2188 Delphici
1148 2119 1175 2169 in
1196 2119 1258 2170 raa

211 2211 328 2264 ponere;
344 2195 377 2248 de
397 2213 451 2268 quo
472 2197 563 2248 Festus
584 2197 612 2247 in
629 2199 712 2249 Rani-
755 2213 835 2247 nasso
856 2194 1018 2248 invaderent.
1033 2197 1179 2263 Nimirum,
1193 2195 1259 2248 ulci-

211 2287 299 2324 mona.
756 2284 846 2326 scente
868 2271 918 2324 deo
938 2275 1060 2342 injuriam
1082 2293 1174 2338 suam,
1197 2293 1258 2345 pars

249 2365 291 2402 ts.
301 2351 442 2420 litaniae,
458 2366 509 2407 etc.
523 2353 712 2414 Observatione
757 2351 870 2424 abrupta
887 2353 985 2403 montis
999 2351 1155 2406 scandentes
1166 2355 1258 2406 stravit
1356 2381 1358 2388 .

148 2423 152 2438 '
210 2425 291 2498 difflua
306 2441 438 2484 structura
453 2431 498 2486 hie
513 2432 641 2484 orationis
654 2445 710 2484 esta
756 2429 1098 2501 barbaros,cselumipsum
1108 2430 1258 2485 deindeiri·

213 2509 267 2560 utu
285 2505 367 2563 ualvoe
385 2509 495 2584 (Libyci
515 2509 605 2564 nobile
625 2508 712 2563 dentis
734 2511 863 2586 ,poribus
880 2523 906 2563 et
923 2506 1052 2580 grandine
1068 2510 1197 2582 plurimos
1211 2509 1258 2563 ab·

211 2586 294 2658 opus)
303 2587 394 2642 Altera
406 2589 522 2662 dejectos
537 2591 645 2642 Parnasi
656 2609 712 2642 ver·
733 2591 737 2601 '
756 2591 858 2643 sumsit.
869 2591 934 2641 llem
946 2588 1004 2640 inse
1020 2602 1109 2641 narrat
1120 2590 1256 2655 lustinus,

210 2666 262 2718 tice
270 2665 361 2720 Gallos
369 2705 378 2736 ,
387 2668 476 2726 Altera
486 2671 607 2725 mantnt
619 2671 710 2724 ffinera
754 2668 881 2735 xx1v‚6
894 2685 953 2740 sqq.
961 2696 997 2707 -
1006 2667 1139 2735 Tantalis,
1152 2667 1258 2721 Tantali

211 2741 396 2800 Tantalidos·
411 2749 451 2801 lta
465 2749 608 2804 Suetonius
624 2763 712 2802 tamen
754 2746 843 2800 Niobe
869 2745 944 2813 lilia,
967 2743 1000 2798 de
1023 2749 1099 2817 cujus
1118 2745 1258 2818 funeribus

210 2821 240 2872 in
257 2821 375 2892 Caesare,
397 2845 457 2897 cap.
481 2828 515 2897 89
534 2849 541 2878 ι
565 2829 713 2880 aDamnati
755 2826 816 2880 ride
830 2825 865 2879 ad
876 2829 916 2892 ll,
931 2843 981 2890 ao,
995 2843 1020 2894 7.

212 2917 304 2952 omnes
315 2898 501 2974 (percussores
512 2904 635 2975 Cesaris)
646 2903 713 2957 alirn
795 2904 835 2958 15.
847 2906 916 2958 neu
927 2905 980 2976 ipse
990 2903 1116 2975 Pythius,
1128 2903 1257 2976 Apollinis

212 2975 266 3030 alio
280 2997 343 3033 casu
354 2981 464 3053 periit·
479 2983 572 3054 Neque
582 2981 656 3034 aliter
667 2981 713 3034 ci-
755 2986 837 3056 ipsius
857 2997 961 3049 statua,
982 2983 1074 3055 Scope
1093 3002 1161 3055 opus
1179 2982 1257 3054 (ride

211 3071 288 3124 uero,
298 3058 331 3111 de
340 3059 419 3112 Offic.
429 3059 493 3127 Ι,4ι
505 3081 512 3110 =
526 3062 582 3111 sUt
595 3061 663 3112 enim
670 3061 713 3131 pi·
755 3062 821 3116 Plio.
836 3065 902 3115 Hist.
919 3064 979 3114 Nat
991 3063 1117 3129 XXXVI,
1129 3062 1176 3134 5),
1189 3064 1258 3115 inter

211 3145 305 3206 dores,
317 3152 344 3193 et
353 3139 389 3208 ii,
401 3142 528 3213 quisigns
537 3138 713 3208 fabricantur,
755 3143 885 3194 Latonam
896 3142 1062 3212 Dianamque
1072 3141 1167 3194 media.
1176 3171 1212 3182 --
1223 3141 1258 3196 In

211 3229 239 3270 st
250 3235 312 3271 vero
322 3221 401 3272 stiam
409 3232 506 3293 poete,
517 3238 595 3273 snum
606 3219 714 3294 quisque
757 3220 837 3295 ionqa
853 3231 918 3274 ueste
924 3242 935 3283 ‚-
948 3219 1061 3292 qualiter
1074 3239 1135 3273 enm
1147 3239 1209 3272 cnm
1221 3222 1257 3274 ci·

212 3311 307 3369 opusc
320 3299 402 3371 vulgo
411 3297 570 3352 considerari
579 3297 645 3352 vult.
656 3322 713 3347 s-
755 3298 833 3354 thara
843 3300 945 3352 nummi
956 3313 1056 3354 veteres
1073 3299 1205 3352 exhibent.
1220 3330 1258 3342 -

212 3371 303 3446 libyas·
319 3377 403 3431 &ntis
419 3397 498 3450 opus,
519 3376 613 3430 calare
633 3375 713 3430 ebur·
756 3379 846 3432 Sonat.
859 3379 980 3431 Meminit
992 3394 1123 3432 consuetae
1137 3379 1186 3433 sibi
1202 3380 1258 3430 fors-

212 3456 466 3522 nem-Maerebat,
478 3455 609 3509 referebat
619 3469 713 3508 moesta
757 3476 805 3510 mse
821 3459 987 3530 Propertius,
1006 3470 1127 3513 steterant
1144 3478 1221 3531 versu
1241 3476 1256 3530 7

212 3529 333 3602 imagine.
347 3533 481 3586 Audacter
495 3533 600 3608 quidem
612 3533 713 3587 dictum
758 3549 784 3589 et
795 3535 848 3590 hoc
861 3549 951 3589 nostro
963 3548 1039 3590 sonat
1052 3555 1112 3589 cum
1121 3539 1198 3589 variis
1209 3538 1257 3588 irn-

212 3605 281 3676 ltoc3
297 3631 455 3686 quamquam
469 3633 523 3667 non
535 3615 645 3668 multum
656 3633 713 3666 ma·
756 3615 881 3688 perfectis
888 3616 1016 3685 jungens,
1033 3613 1080 3665 abi
1098 3632 1179 3689 unqm
1194 3625 1257 3664 tem·

212 3690 359 3758 qis'uaivoe
381 3695 535 3746 mirabimur
560 3713 713 3761 maerorem,
757 3711 808 3767 pus
831 3693 1035 3764 (imperfectum
1059 3689 1099 3743 vel
1121 3692 1257 3764 presens)

215 3785 294 3839 quam
304 3769 360 3823 aliis
368 3772 397 3822 in
405 3770 469 3824 locis
479 3771 713 3846 doloremfriqoris‚
756 3791 807 3844 per
818 3783 903 3822 totum
915 3787 1020 3823 carmen
1040 3784 1111 3823 recta
1128 3787 1256 3840 gramma·

198 3847 256 3902 sel
268 3867 346 3921 uptam
356 3849 483 3922 quercia„
494 3852 661 3924 velfoconrm
672 3873 713 3906 m·
757 3852 812 3902 tica
826 3847 962 3922 poscebat.
978 3846 1046 3899 Vide
1059 3850 1086 3912 Ι,
1099 3865 1145 3915 ιο,
1161 3865 1184 3900 2.

645 4041 827 4078 καθ’-
