3134 4758
613 534 855 632 ELEGIA
884 537 1047 631 XXII.

680 749 741 812 in
763 747 984 812 ructon.

780 981 890 997 tun-¹·-

357 1109 515 1218 Fnrctns
529 1168 598 1220 mm
610 1151 736 1218 multos
748 1149 876 1242 placuit
885 1147 944 1216 tibi
956 1153 1097 1242 Cyzicus
1110 1171 1232 1230 annos,

402 1260 520 1343 Tulle,
534 1263 753 1352 Propontiaca
765 1283 834 1354 qua
846 1255 923 1325 lluit
933 1257 1078 1328 Isthmos
1090 1284 1194 1353 oqua3

356 1370 563 1464 Dindymus,
578 1390 612 1438 et
624 1395 727 1440 sacrae
739 1369 900 1440 fabricata
911 1369 1058 1463 juvenca
1068 1371 1238 1465 Cybebes,

402 1485 625 1574 Raptorisque
636 1480 713 1548 tulit
727 1504 795 1572 quo
806 1480 860 1547 via
875 1482 959 1548 Ditis
973 1505 1097 1576 equos,

355 1592 388 1660 Si
399 1606 432 1657 te
446 1592 532 1659 forte
540 1589 677 1683 juvant,
692 1590 806 1660 Helles
818 1590 1073 1661 Athamantidos
1084 1592 1204 1675 urbes,
1341 1605 1356 1656 5

402 1703 471 1766 Nec
482 1698 664 1784 desiderio,
678 1699 796 1784 Tulle,
810 1695 945 1770 movere
957 1727 1044 1771 meo.

347 1901 368 1935 ι.
383 1883 488 1956 Fript'da
505 1897 558 1938 tam
577 1887 687 1953 multos,
701 1900 752 1939 etc.
772 1889 811 1938 ln·
854 1889 984 1942 faciamus
994 1901 1034 1942 tot
1041 1888 1164 1952 lttlnnos,
1173 1900 1239 1962 quot
1248 1900 1309 1940 sunt
1320 1889 1356 1940 in-

308 1963 399 2014 vitatio
411 1961 572 2016 edomitum
584 1963 706 2034 Tullum,
716 1979 746 2018 nt
759 1967 811 2018 Bo·
855 1965 918 2018 snloe
932 1965 967 2017 od
981 1980 1091 2033 terrem,
1106 1965 1178 2018 eliud
1192 1983 1241 2018 nos
1255 1983 1355 2038 querc·

307 2057 378 2090 marn
395 2039 493 2092 redeat.
826 2051 830 2056 “
856 2045 1020 2096 mnsfreuun
1033 2044 1357 2116 megisdignnrntcripto-

341 2119 368 2185 4.
381 2119 455 2172 Tulit
463 2140 517 2193 qna
527 2121 571 2174 via
585 2123 653 2176 Ditis
662 2141 747 2195 equos.
758 2123 811 2173 Diu
854 2125 890 2175 ris
901 2127 1044 2190 memorie,
1053 2133 1132 2196 etque
1139 2125 1301 2176 inveniemus
1308 2123 1357 2174 Eu·

307 2212 360 2264 est,
381 2218 463 2270 quum
482 2202 529 2252 viri
550 2201 622 2253 docti
636 2213 811 2273 reposuerunt
856 2223 948 2277 roparn
964 2207 1033 2258 inter
1050 2218 1074 2258 et
1092 2206 1181 2256 Asiam
1198 2205 1355 2276 Bosporum.

305 2296 363 2349 quoe
379 2279 443 2331 via:
464 2279 809 2352 «Cyrinus...Dindymus...
855 2313 890 2322 —-
914 2283 1001 2336 Tulle.
1024 2281 1090 2335 Vide
1119 2284 1245 2355 Propertii
1268 2283 1356 2334 Vitem

305 2361 484 2432 llaptorisqne
511 2361 571 2414 tulit
594 2379 651 2434 quoe
678 2363 720 2413 vie
742 2361 810 2417 Ditis
854 2363 1015 2436 Chronolog.
1033 2361 1356 2431 eubenn.724.-Dln-

306 2453 410 2511 equos;
431 2439 459 2492 Si
470 2453 495 2492 te
516 2442 586 2492 forte
605 2443 701 2510 juvent
720 2437 810 2491 Helles
854 2440 1356 2515 dymus,mcnsininsula.-·Ettacm

286 2572 287 2586 ,
304 2517 509 2572 Athamantidos
522 2518 614 2585 nrbes,
625 2532 676 2570 etc.
688 2540 699 2564 n
712 2513 762 2570 sed
772 2518 810 2568 ni·
848 2519 1098 2596 fabricatajuoettoo
1109 2523 1225 2593 cybebes.
1235 2519 1306 2572 Libri
1312 2539 1355 2572 ve·

303 2599 341 2652 hil
354 2620 438 2671 opus,
457 2599 538 2650 modo
559 2601 608 2650 ista
629 2597 719 2648 omnio
736 2610 808 2649 recte
853 2611 920 2652 teres
936 2616 1059 2672 corrupte
1078 2623 1084 2652 :
1104 2612 1130 2653 et
1141 2619 1214 2654 sacra
1223 2597 1355 2669 fabricata

304 2678 452 2750 distingues
477 2681 504 2731 in
529 2675 600 2728 hanc
628 2677 807 2728 sententiam:
834 2679 959 2732 'inventa
979 2679 1088 2750 Cybele.
1112 2683 1221 2732 Versum
1243 2676 1355 2730 feliciter

303 2760 356 2810 Diu
370 2757 419 2810 tibi
430 2756 536 2829 Cyzicos
548 2755 665 2827 placuit,
679 2758 700 2808 si
709 2768 736 2807 te
745 2757 809 2808 Din-
853 2760 967 2811 restituit
977 2759 1102 2822 Vossius,
1115 2757 1148 2809 tle
1156 2759 1269 2827 juvenca
1282 2773 1354 2806 niar-

304 2834 399 2908 dymus
417 2835 486 2887 lorte
505 2837 579 2905 juvet
600 2846 625 2887 et
645 2832 809 2906 Hellesponti
854 2857 944 2891 morea
961 2837 1112 2910 explicans,
1131 2837 1157 2886 in
1175 2847 1250 2887 antro
1266 2837 1354 2906 posite

238 2915 242 2924 '
303 2915 400 2982 urbes,
411 2932 462 2984 que
470 2915 538 2965 Ditis
549 2917 664 2987 raptoris
676 2933 758 2986 equos
767 2915 807 2966 viu
853 2918 985 2982 Hebriue,
995 2917 1115 2990 Cyziceni
1125 2916 1231 2980 montis,
1240 2931 1355 2985 quomo·

304 2993 373 3046 tulit.
381 2991 574 3046 Lachmannus.
584 3022 620 3032 —
629 2993 694 3044 Tam
705 2992 807 3046 multos.
852 3017 903 3070 gna
915 2997 964 3052 den
974 2997 1045 3050 culta
1056 3012 1136 3069 atque
1147 3013 1215 3066 puer
1226 2997 1287 3068 Atys
1299 3008 1354 3046 tau-

303 3073 410 3139 Videt,
428 3091 474 3139 tn,
491 3073 516 3125 3.
532 3101 568 3112 —
582 3073 704 3144 Cyzicus,
721 3072 808 3125 insula
853 3077 1085 3147 rorumtenguine.
1097 3071 1352 3126 VideBurmnnn.a‹l

303 3167 330 3206 et
349 3153 413 3206 urbs
434 3153 617 3224 Propontidis,
636 3152 670 3205 de
687 3172 740 3225 qua
758 3153 809 3206 Pli-
852 3154 960 3206 Anthol.
976 3157 1034 3206 Lat.
1051 3167 1115 3206 torn.
1136 3153 1163 3216 l,
1178 3171 1238 3224 pag.
1257 3152 1289 3205 32
1311 3171 1349 3224 sq.

302 3235 362 3284 nius
375 3231 442 3282 Hist.
457 3232 520 3282 Nat.
530 3234 568 3296 V,
585 3231 627 3284 32.
641 3261 674 3272 —
684 3231 806 3306 Fitqt'da,
851 3237 970 3288 Pictores
977 3237 1062 3308 Cyzici
1068 3231 1172 3286 nobiles
1179 3245 1306 3284 memoret
1313 3232 1353 3284 Ci-

303 3312 403 3380 quippe
421 3326 478 3380 quse
496 3311 546 3361 sita
562 3311 589 3361 in
604 3311 679 3361 mari.
699 3339 735 3350 --
751 3311 808 3378 Qua
852 3331 928 3380 cero,
941 3315 969 3365 in
983 3314 1056 3366 Verr.
1072 3314 1115 3379 lV,
1130 3311 1173 3364 6ο.
1187 3341 1222 3350 -
1233 3311 1353 3382 Raptoris

294 3389 362 3466 fluit
368 3389 480 3442 Isthmos
487 3391 748 3462 aqoal'ropontt'aea.
759 3390 808 3441 Ni·
828 3387 830 3392 ’
851 3391 920 3446 Duo
932 3409 1027 3464 equom
1039 3390 1162 3443 l'lotonit
1179 3407 1260 3462 equos
1274 3403 1353 3460 repta

301 3467 340 3520 hil
351 3466 395 3520 hic
413 3469 462 3519 nisi
479 3467 575 3520 falsum
591 3482 618 3519 et
635 3469 755 3539 ineptum
772 3466 806 3519 ab
851 3473 1024 3542 Proserpina,
1039 3477 1118 3542 ‘quam
1138 3481 1252 3521 avectum
1272 3487 1351 3520 curru

301 3545 506 3618 interpretibus,
534 3563 648 3617 quorum
670 3545 713 3597 alii
737 3543 806 3598 Isth·
851 3546 1056 3620 supermaread
1067 3545 1282 3617 usqueCyzicttm
1290 3563 1351 3616 pete

302 3645 374 3678 nrum
393 3627 580 3692 Cimmerium,
602 3624 646 3678 elii
664 3638 805 3696 angustum
851 3638 989 3679 auctorum
1004 3624 1160 3697 perhibent,
1180 3621 1221 3674 his
1240 3624 1292 3674 oris
1308 3621 1351 3673 tli-

301 3709 380 3760 mnris
404 3709 520 3780 spatium
540 3709 611 3757 inter
630 3705 750 3778 Cynicum
779 3721 805 3759 et
849 3705 930 3759 dttote
942 3718 1013 3756 terra
1023 3703 1117 3755 abiisse
1126 3721 1176 3773 per
1185 3701 1355 3773 profundunt

301 3787 481 3838 continentem
499 3788 642 3857 occipiunt.
661 3785 740 3838 Hand
757 3786 805 3838 dn·
848 3805 880 3838 ex
890 3785 974 3836 oculis
981 3781 1096 3856 puellam
1107 3800 1167 3834 curn
1178 3781 1238 3832 deo.
1247 3779 1313 3834 Vide
1323 3783 1350 3832 in

301 3864 345 3917 bie
353 3864 457 3942 flodus
474 3864 584 3918 Istltmtu
602 3878 642 3917 est
660 3883 750 3930 mere,
769 3868 805 3918 ei·
849 3863 1030 3917 lailotun.
1052 3875 1117 3914 tom.
1138 3860 1177 3927 ll,
1196 3879 1257 3932 pag.
1282 3861 1350 3926 5⁵0,

299 3947 469 4015 gollicatione
482 3943 607 3996 vocabuli
623 3943 741 4006 inversa;
756 3940 804 3998 sed
849 3945 1009 4014 epigramma
1041 3942 1167 3994 Lxxvlt.
1196 3965 1232 3980 -
1260 3938 1350 3992 Helles

301 4042 334 4074 ne
358 4041 418 4075 enm
443 4023 578 4094 plerisque
604 4023 802 4092 interpretando
847 4021 1056 4076 Athamantidos.
1073 4019 1137 4073 Vide
1150 4020 1189 4084 ll,
1204 4018 1253 4084 26,
1269 4017 1293 4070 ⁵.
