3122 4756
530 507 760 608 ELEGIA
799 509 927 608 XVI.

499 730 657 837 staua
679 729 952 815 toourrua.

677 957 783 974 m

617 1127 843 1166 Auuuusuruat.

242 1241 395 1300 Amissam
413 1237 511 1319 janua
529 1237 656 1318 respicit
674 1223 810 1298 veterem
832 1234 1018 1317 dignitatem
1037 1258 1125 1300 suam
1151 1241 1255 1318 (conf.

204 1352 269 1398 not.
289 1337 339 1417 ι),
360 1351 390 1395 ct
410 1333 579 1416 impudicae
601 1331 762 1414 cujusdam
783 1331 884 1393 adfixa
899 1333 1021 1410 limini,
1037 1337 1112 1416 quid
1131 1334 1197 1418 jam
1218 1339 1257 1397 sit

202 1436 299 1510 iacta,
315 1449 421 1494 moeste
434 1434 525 1492 dolet.
537 1431 679 1514 Indignis
692 1432 807 1513 pulsari
822 1432 981 1506 manibus3
992 1437 1143 1496 sustinere
1155 1435 1258 1497 ebrio·

202 1555 274 1594 rum
290 1535 370 1592 rixas
384 1554 392 1606 3
408 1530 538 1591 floribus
553 1532 676 1605 ornari,
699 1530 858 1611 probrosis
880 1529 987 1605 donis3
1009 1529 1076 1591 haec
1095 1536 1257 1614 praesentis

202 1653 264 1694 esse
278 1630 471 1692 conditionis
485 1649 558 1688 suae.
573 1629 636 1687 Nec
651 1629 755 1688 minus
771 1627 906 1688 adsiduis
920 1649 976 1710 per
989 1643 1094 1690 noctes
1108 1632 1257 1712 irrequie-

201 1745 266 1792 tam
277 1729 439 1792 sollicitari
452 1749 483 1790 sc
496 1728 640 1791 amatoris
652 1725 765 1786 exclusi
781 1726 988 1800 carminibus,
1004 1745 1113 1809 praeter
1126 1728 1258 1790 dedecus

202 1850 312 1904 suum,
326 1826 431 1888 flenda
446 1839 475 1886 et
493 1826 550 1888 sibi
571 1845 634 1886 esse
653 1824 778 1886 alterius
792 1824 874 1884 mala
889 1825 1096 1904 (cantilenam
1109 1828 1258 1909 supplicis

199 1925 296 2008 janua
310 1926 422 2006 repetit
431 1943 523 1982 verss.
540 1919 696 2001 rp-dl);
711 1923 792 1980 inter
805 1919 964 1980 obscaeuos
976 1943 1097 1983 amores
1110 1943 1215 1984 carcre
1226 1945 1257 1983 se
1270 1916 1273 1924 ¹

204 2042 376 2104 numquam
392 2019 529 2079 infamiae
547 2031 633 2078 nota.

671 2185 782 2202 μμ..

254 2291 355 2430 Qurs
365 2324 493 2392 fiteram
506 2326 635 2418 magnis
647 2321 727 2390 olim
740 2323 905 2414 patefacta
916 2323 1110 2418 triumphis,

297 2440 407 2504 lanua
416 2438 569 2528 Tarpeias
584 2451 664 2503 nota
676 2435 859 2527 pudicitiae,

249 2545 352 2641 Cujus
365 2550 507 2614 inaurati
519 2546 732 2615 celebrarunt
744 2546 857 2614 limina
870 2573 1008 2630 currus,

298 2663 480 2750 Captorum
492 2657 649 2751 lacrymis
661 2656 799 2724 humida
812 2657 1037 2757 supplicibus,

245 2869 265 2904 1.
276 2853 496 2925 Triumpbisolim
504 2853 652 2923 patefacta,
663 2851 708 2904 de·
752 2855 870 2924 Tarpeioe
896 2853 1052 2924 (secundus
1073 2873 1150 2908 casus
1161 2857 1188 2926 ),
1208 2875 1257 2926 pro

205 2933 301 2984 ceratis
320 2931 422 2984 bonore
440 2931 568 3003 triumphi
585 2931 706 2984 ducibus.
752 2951 810 2984 mea
818 2947 874 2984 turn
882 2936 1006 3004 temporis
1013 2935 1161 3005 inTarpeio
1168 2949 1257 2988 monte

204 3011 355 3080 Antiquitas
379 3012 459 3080 ipitur
484 3008 574 3061 sedem
595 3009 708 3062 Romani
751 3009 1089 3080 pudicitiainvel2m0u
1104 3017 1258 3085 cgo‚cujus

206 3098 346 3140 tenuerunt
357 3087 428 3141 bello
442 3085 560 3153 nobiles,
575 3105 656 3158 quam
672 3088 708 3140 si·
752 3105 821 3143 esset
832 3090 910 3160 digua
921 3090 1071 3146 Vestalibus
1082 3094 1258 3164 castitas(sei-

203 3167 310 3236 gnificat
321 3167 363 3218 bic
376 3168 538 3239 Propertius.
548 3166 637 3218 Verba
647 3185 706 3220 ver·
751 3166 829 3236 licet,
846 3172 959 3241 Tarpeia
980 3170 1025 3222 illa
1045 3189 1126 3244 quum
1144 3172 1258 3226 Vestalis

204 3243 327 3313 siculis,
348 3247 465 3318 Torpeioe
482 3257 544 3298 acta
558 3247 706 3318 pudicitior,
752 3249 845 3313 fuerit,
866 3267 922 3320 quas
941 3249 1060 3320 prodidit
1084 3251 1189 3304 Sabinis
1208 3269 1258 3323 pue

204 3321 387 3376 difficultatem
404 3325 504 3378 habunt
525 3324 707 3396 explicationis
752 3330 852 3392 triam,
880 3328 1007 3400 deditque
1038 3335 1124 3384 monti
1159 3351 1257 3384 nornen

203 3421 258 3456 nott
271 3422 390 3474 parvam.
401 3406 517 3460 Domum
528 3408 591 3458 satis
604 3417 709 3462 constat
752 3407 880 3478 suum)?·
895 3407 936 3464 vel
950 3408 1065 3478 denique
1079 3409 1123 3479 (ct
1137 3409 1191 3462 boc
1202 3411 1258 3462 for·

202 3503 256 3538 non
268 3487 472 3557 posscTarpciu
482 3489 587 3558 respici,
597 3505 655 3558 quae
662 3487 706 3542 Sa·
751 3499 821 3542 tasse
832 3486 999 3558 probaverim
1010 3492 1093 3560 magis
1101 3491 1125 3559 )‚
1138 3503 1258 3544 constru-

203 3563 272 3614 bin'ts
297 3565 459 3635 Capitolium
486 3565 614 3631 tradidit,
635 3565 708 3618 dete-
752 3581 795 3622 cta
808 3585 868 3618 cum
881 3569 957 3622 tertio
970 3587 1036 3622 casu
1047 3571 1193 3622 sententia:
1209 3569 1257 3620 nin

204 3658 289 3698 staats
308 3646 350 3700 vel
370 3647 429 3717 ipso
451 3649 588 3718 Propertio
610 3649 708 3714 1V‚4‚
752 3645 865 3716 Tarpeio
874 3659 965 3700 moute
974 3649 1057 3718 janua
1069 3665 1120 3716 ego
1129 3659 1202 3700 casta
1215 3665 1258 3700 ea·

205 3740 321 3776 amorem
347 3722 427 3793 liujus
450 3723 567 3796 perfidia
590 3743 707 3780 causam.
753 3728 798 3778 stit
812 3726 882 3780 bene
895 3740 959 3780 uota
971 3727 1113 3780 feminis?-
1127 3727 1259 3780 lustratis

204 3803 244 3852 Aa
261 3805 340 3874 igitur
356 3803 517 3858 vocabulum
533 3806 644 3878 Tarpeia
661 3806 708 3858 ad·
754 3820 841 3860 autem
856 3804 983 3860 celebrata
996 3805 1092 3858 lisuino
1105 3806 1219 3860 curribus
1232 3822 1258 3860 at

204 3879 327 3948 jactivam
347 3883 489 3948 iacientes,
507 3883 553 3954 qui
573 3887 709 3938 notionem
754 3882 1032 3958 hcrymiscaptomm
1057 3885 1168 3937 humida
1189 3885 1256 3958 ligu-

206 3959 301 4012 inferat
312 3961 418 4030 Tarpeii
430 3962 540 4026 montis,
554 3963 709 4034 iuterpreta-
753 3979 809 4020 rate
828 3965 893 4019 dicit
914 3977 940 4018 et
958 3977 1054 4018 omata
1073 3967 1199 4036 poetico,
1223 3987 1257 4018 ne

207 4037 306 4094 bimur:
321 4041 487 4111 atanuaego
499 4055 563 4096 uota
576 4042 708 4113 pudicitia
755 4046 813 4116 quis
832 4044 958 4115 triumphi
975 4063 1101 4116 pompam
1119 4049 1204 4116 ipsam
1223 4045 1256 4098 ad
