3122 4756
305 364 365 429 ψ
593 338 855 406 rnorunrtr
879 341 966 405 ute.
994 343 1040 406 11.

344 471 428 546 Nec,
444 488 519 558 quae
534 463 659 550 deletas
671 469 780 558 potuit
791 490 993 558 componere
1004 466 1155 553 Thebas,
1322 482 1337 534 5

389 574 523 668 Phryne
537 591 606 644 tam
618 575 731 644 multis
743 577 828 644 facta
840 577 938 645 beata
949 581 1038 646 viris.

342 688 432 772 Quin
446 689 547 754 etiam
560 687 661 754 falsos
673 687 771 780 lingis
782 687 841 755 tibi
853 713 941 782 saepe
953 692 1179 784 propinquos,

389 793 514 862 Oscula
525 817 588 862 nec
599 793 721 862 desunt
732 799 790 889 qui
804 795 863 864 tibi
872 795 949 889 jure
960 797 1078 865 ferant.

344 907 399 969 Me
409 901 573 995 juvenum
585 904 682 995 pictae
695 903 813 987 facies,
829 928 884 971 me
897 907 1034 973 nomina
1043 904 1187 990 laeduut,

389 1019 446 1081 Me
457 1030 552 1081 tener
565 1015 600 1080 in
612 1017 706 1082 cunis
722 1032 755 1082 et
766 1017 839 1082 sine
850 1039 933 1084 voce
945 1041 1030 1108 puer
1041 1044 1049 1099 3

275 1171 279 1184 ›
343 1131 400 1193 Me
412 1125 518 1209 laedit,
531 1128 558 1192 si
572 1123 679 1193 multa
690 1125 750 1193 tibi
762 1125 855 1194 dedit
868 1126 984 1195 oscula
997 1143 1122 1209 mater3

390 1241 446 1304 Me
460 1261 572 1318 soror,
584 1253 617 1304 et
630 1261 736 1331 quum
748 1261 822 1332 quae
834 1237 958 1305 dormit
968 1241 1076 1306 amica
1088 1239 1205 1324 simul;

345 1351 466 1417 Omnia
477 1373 531 1415 me
544 1347 688 1430 laeduut3
702 1347 837 1416 timidus
851 1351 942 1432 sumss
956 1351 1089 1440 ignosce
1101 1353 1212 1417 timori
1224 1377 1233 1433 ;

391 1464 433 1526 Et
446 1463 548 1526 miser
562 1461 597 1526 in
610 1461 722 1527 tunica
735 1463 887 1551 suspicor
898 1484 971 1528 esse
982 1464 1103 1529 virum.

345 1572 405 1636 His
418 1567 497 1635 olim
510 1622 518 1651 ‚
533 1586 571 1636 ut
583 1567 673 1635 lama
683 1585 747 1650 cst,
761 1571 847 1636 vitiis
862 1569 905 1636 ad
917 1567 1032 1662 praeliu
1045 1585 1184 1638 ventum
1199 1586 1266 1654 est;
1311 1583 1342 1640 15

335 1723 360 1774 6.
371 1723 683 1797 Plnytte,'l'hespie,rero
694 1727 802 1778 nomine
846 1745 900 1778 uno
910 1725 1046 1779 duobusve
1061 1726 1154 1778 demtis
1165 1726 1293 1790 universi,
1302 1744 1344 1778 me

299 1801 566 1867 Mneserete‚nobilis
582 1818 606 1856 et
616 1801 671 1855 haec
683 1807 800 1876 impura,
846 1805 954 1855 nomina
977 1803 1075 1856 ludunt
1095 1827 1102 1855 .·
1124 1816 1257 1854 teneamus
1283 1801 1344 1853 hoe.

300 1880 378 1930 tentis
399 1879 533 1932 cumulata
549 1895 697 1934 amatorum
708 1882 801 1948 donis,
845 1881 1031 1934 Lachmentms
1043 1894 1103 1933 eote
1114 1898 1163 1933 nos
1173 1878 1296 1951 probarit
1304 1897 1346 1932 ex·

299 1969 345 2024 ut,
359 1977 423 2029 quas
434 1958 581 2012 Alexander
590 1961 693 2014 Thebae
713 1962 802 2014 dirue-
844 1957 962 2030 plicans:
981 1961 1024 2011 Me
1041 1958 1083 2010 vel
1100 1961 1207 2030 picture
1218 1961 1346 2029 juvenum

298 2051 356 2104 rat,
370 2038 447 2091 vellet
459 2041 516 2111 ipsa
528 2041 647 2109 relicere,
661 2041 740 2095 modo
752 2063 802 2114 pu·
846 2037 919 2109 apud
941 2052 967 2091 te
985 2041 1044 2093 risse
1065 2051 1091 2089 et
1112 2039 1217 2090 numius
1238 2054 1345 2102 eorum,

299 2115 367 2168 blice
385 2137 441 2170 rem
463 2122 576 2190 scriptus
594 2119 686 2173 titulus
706 2120 803 2192 signifi·
848 2137 914 2188 quos
929 2131 1059 2170 amatores
1070 2131 1130 2169 tuos
1144 2119 1277 2190 suspicor,
1292 2134 1307 2167 a
1320 2129 1345 2167 ts

300 2209 379 2248 caret.
401 2197 442 2249 De
457 2217 510 2269 qua
523 2198 582 2250 vide
596 2201 801 2268 Quintilianum,
846 2201 1016 2268 pronuntiata
1029 2203 1136 2248 terrent.

299 2276 413 2328 Institut.
426 2279 463 2344 11,
477 2277 517 2341 15,
532 2295 557 2346 9.
570 2308 606 2318 —
621 2279 686 2330 Tam
697 2279 802 2344 uuoltin
886 2293 924 2327 ια.
936 2278 981 2327 Me
990 2293 1073 2341 soror,
1084 2285 1111 2325 et
1121 2291 1201 2346 quum
1212 2291 1284 2344 quer,
1295 2283 1344 2324 ete.

300 2357 654 2430 omisse‚quaerespoudeat‚
666 2376 802 2430 compars-
846 2357 956 2427 Egregie
972 2357 1067 2408 Dousae
1081 2355 1210 2406 correctio
1226 2365 1252 2404 et
1266 2373 1347 2426 quum

300 2436 380 2486 tionis
389 2435 469 2488 alteru
478 2438 663 2506 patte‚utl‚2‚
673 2438 717 2500 15;
727 2437 767 2501 15,
775 2455 800 2506 9.
847 2451 922 2506 quoe:
933 2435 954 2484 si
962 2453 1033 2506 quae,
1042 2435 1063 2486 si
1071 2433 1159 2506 aliqua
1168 2445 1255 2484 tecum
1262 2433 1348 2484 amice

336 2513 361 2566 8.
382 2513 492 2578 Oscula,
516 2527 567 2566 etc.
588 2515 710 2587 vulgaris
731 2515 801 2567 edita
847 2514 953 2565 dormit.
977 2515 1141 2584 scripturam
1159 2515 1220 2564 satis
1244 2525 1348 2564 constet

301 2590 379 2642 lectio
394 2591 490 2642 Oscula
505 2609 537 2641 ne
554 2593 649 2656 desint,
664 2595 712 2644 etsi
726 2591 802 2644 valde
846 2595 962 2663 ineptam
977 2611 1049 2658 esse,
1066 2595 1131 2646 «Me
1146 2609 1237 2658 soror,
1252 2602 1347 2642 etcum

300 2666 404 2738 placet,
421 2687 503 2738 quum
517 2671 620 2740 scriptis
638 2671 717 2721 modo
734 2670 802 2722 duo·
846 2691 897 2745 qua
908 2670 1004 2723 dormit
1016 2674 1097 2722 amica
1108 2670 1217 2723 simula
1234 2672 1349 2740 Proper-

300 2747 352 2798 bus
361 2746 491 2812 firmetur,
500 2751 559 2818 jure
569 2750 752 2802 Lachmannus
763 2769 801 2804 rs-
846 2751 912 2801 tium
924 2753 993 2804 euim
1007 2749 1140 2823 quomodo
1155 2749 1248 2802 laedere
1265 2749 1347 2801 amice

302 2839 380 2878 vocnt
392 2826 464 2898 quod
478 2827 569 2880 itidem
580 2842 650 2882 recte
660 2832 744 2882 ceteri
755 2829 802 2883 ha·
846 2843 951 2901 potest,
975 2849 1034 2902 que
1055 2850 1109 2882 nou
1133 2847 1194 2882 cum
1217 2825 1349 2899 Cynthia,

302 2903 382 2970 beot,
397 2904 491 2957 Oscula
504 2907 658 2962 nccdesunt.
847 2908 894 2960 sed
914 2927 974 2960 cum
998 2907 1115 2980 Cynthiae
1140 2923 1229 2961 sorore
1248 2903 1348 2958 cubans

337 3001 363 3053 9.
379 2985 424 3034 Me
434 2987 566 3056 juvenum
576 2988 654 3059 pictoe
659 2988 751 3059 facies.
770 2989 803 3039 Et
848 2985 1074 3057 deprehenditur?

302 3061 347 3113 hic
362 3060 395 3114 de
409 3063 570 3116 Lachmanni
585 3067 713 3118 sententia
729 3067 804 3118 resti·
887 3067 927 3118 13.
951 3067 1063 3130 Omnia,
1085 3075 1134 3113 etc.
1153 3059 1231 3130 Signa
1251 3076 1348 3130 pereu-

303 3141 400 3191 tuimtts
413 3158 492 3210 quern
507 3144 597 3214 scripti
611 3143 730 3215 plerique
744 3161 803 3194 ver·
848 3143 953 3196 theseos
965 3141 1064 3212 adjice:
1076 3161 1087 3186 α
1098 3139 1193 3192 Omnia
1202 3136 1348 3189 melaedum

261 3211 264 3216 ’
302 3211 398 3268 bot-urit
406 3217 525 3271 ordinem
534 3233 641 3273 tuentur
651 3243 657 3272 t
669 3223 695 3272 in
707 3221 802 3293 quibus
848 3220 969 3291 (timidus
981 3237 1054 3284 sum,
1065 3217 1172 3286 ignosce
1183 3215 1300 3284 timori);
1315 3217 1349 3268 Et

303 3297 803 3372 arteprouuotietehrec,pictoefacies,
847 3303 926 3352 miser
946 3302 973 3352 in
994 3299 1099 3360 tunice,
1113 3307 1185 3346 ete·
1213 3323 1250 3333 -
1268 3295 1347 3348 conf.

303 3392 387 3426 uuum
408 3378 483 3446 qussi
506 3377 665 3430 vocobulum
685 3381 802 3442 fuciunt3
846 3370 942 3430 lmitet.
958 3373 1026 3428 Gall.
1041 3374 1074 3453 ud
1086 3375 1122 3438 ll,
1135 3371 1183 3437 34,
1198 3387 1237 3440 ¹9·

304 3467 395 3506 contre
411 3457 432 3508 si
444 3457 492 3506 Me
494 3460 624 3529 juvenum
630 3459 715 3529 facies
727 3461 804 3529 pictoe
886 3457 925 3510 15.
934 3453 1068 3520 Hisolim,
1079 3465 1128 3504 etc.
1139 3451 1199 3502 llaec
1208 3463 1269 3503 octo
1277 3451 1349 3504 disti-

304 3532 435 3603 legimus,
459 3537 590 3588 evanescit
613 3536 684 3608 quod
702 3539 729 3587 in
753 3535 804 3588 hoc
849 3535 898 3587 cha
912 3533 973 3585 hinc
989 3531 1121 3584 submovit
1135 3529 1265 3600 Scaliger,
1279 3527 1349 3583 bene

304 3614 391 3664 tenuis
402 3616 530 3666 acuminis
543 3625 597 3676 est,
610 3629 636 3666 et
644 3615 731 3687 facies
739 3615 805 3684 ipsas
849 3617 945 3665 tuitura
956 3611 1045 3663 locum
1055 3627 1149 3676 sunm,
1162 3609 1184 3660 si
1199 3625 1255 3660 non
1266 3608 1300 3661 de
1311 3609 1349 3661 ri-

297 3694 443 3763 juvenum,
453 3694 562 3765 juvenes
574 3696 653 3766 ipsos,
666 3693 752 3744 dicere
767 3695 805 3744 vi·
848 3692 952 3744 volitete
966 3693 1094 3753 virorum,
1106 3687 1152 3740 sed
1166 3686 1199 3740 de
1211 3688 1350 3740 mulierum

305 3769 412 3836 demur,
423 3773 506 3842 pictos
518 3789 622 3846 quoque
634 3789 683 3824 eos.
697 3801 732 3811 -
745 3773 803 3823 No·
849 3769 957 3822 libidine
967 3768 1097 3840 accipies,
1111 3785 1190 3838 quem
1201 3765 1350 3820 ellico-edi·

305 3852 387 3904 mina.
406 3853 547 3919 Numina,
570 3852 679 3904 deorum
697 3853 804 3918 icones,
849 3852 901 3915 cit,
919 3861 948 3899 ut
963 3850 1023 3918 jure
1040 3849 1187 3918 meritoque
1207 3846 1298 3918 uliquis
1314 3847 1349 3896 ti-

305 3927 384 3999 vulgo
397 3927 505 3998 legitur,
516 3931 587 4002 quod
600 3949 633 3982 en
644 3931 707 3983 sutis
716 3928 806 4000 lingua
849 3943 927 3981 meet.
947 3929 1141 3981 Lochmttuuut.
1154 3957 1190 3968 -
1204 3927 1247 3980 Ad
1257 3923 1350 3998 proelia

306 4007 390 4076 feret,
411 4027 466 4060 non
489 4007 669 4080 expendimus.
694 4007 805 4060 Codices
851 4020 955 4062 ventum
964 4021 1007 4062 est.
1017 4010 1121 4078 lugrsta
1131 4007 1350 4060 substantivirer·
