3122 4756
335 363 406 427 >132
645 359 907 424 PROPERTH
933 361 1019 424 [ΑΒ.
1046 363 1073 424 Ι.

433 489 608 577 Mysorum
620 481 767 576 scopulis
777 481 979 576 adplicuisse
992 501 1107 552 ratem.

384 597 447 663 Hic
459 616 579 660 manus
591 591 750 676 heroum,
764 591 954 684 placidis-ut
964 596 1113 662 constitit
1124 598 1207 674 oris,

429 701 544 770 Mollia
556 703 740 795 composita
751 700 850 768 litora
862 701 981 770 fronde
993 705 1086 795 tegit.

336 892 339 898 ,
383 821 424 883 tt
434 837 546 881 comes
559 815 672 882 invicti
677 809 812 904 juvenis
823 830 1034 906 processerat
1044 813 1133 882 ultre

426 931 549 994 Raram
561 927 697 1016 sepositi
708 947 859 1019 quaerere
869 924 972 993 fontis
983 949 1117 1021 aquam.

381 1043 482 1106 Hunc
495 1036 563 1106 duo
576 1039 692 1104 sectati
703 1035 1029 1130 fratre5,Aq11ilouia
1041 1037 1171 1131 proles,
1345 1051 1378 1102 25

427 1155 524 1216 Hunc
537 1170 639 1241 super
651 1163 684 1215 et
695 1141 807 1231 Zetes,
820 1145 912 1215 hunc
923 1171 1026 1241 super
1041 1163 1076 1216 et
1088 1147 1210 1228 Calais,

377 1258 501 1329 Oscula
511 1261 684 1352 suspensis
695 1257 864 1326 instabant
876 1281 1014 1353 carpere
1026 1257 1165 1352 palmis,

423 1355 546 1437 Oscula
558 1386 591 1436 et
602 1367 732 1435 alterna
744 1367 830 1434 ferre
843 1371 964 1460 supina
975 1368 1066 1460 fuga,

378 1479 437 1548 llle
449 1477 512 1546 sub
522 1483 672 1547 extrema
684 1473 836 1568 pendeus
848 1475 1032 1545 secluditur
1043 1477 1112 1560 ala,

329 1675 436 1738 saliam,
449 1677 492 1727 cui
508 1675 643 1740 fucitlno,
662 1673 827 1727 Athamantis
870 1673 967 1746 palmis
973 1695 984 1735 ‚·
1004 1687 1091 1737 recte;
1111 1673 1147 1726 ito
1172 1674 1256 1727 Greci
1276 1673 1375 1742 τιμαῖς

327 1773 410 1820 uxor,
425 1753 733 1819 nomen.conf.11,2ss‚
751 1769 790 1822 19.
872 1771 921 1822 pro
935 1751 984 1804 alis
999 1765 1135 1824 usurpant.
1145 1781 1183 1792 -—
1194 1753 1287 1807 Oscula
1302 1755 1372 1826 supi-

364 1851 406 1886 21.
426 1833 523 1886 Munus
546 1832 667 1898 lter-oum,
688 1836 826 1902 Argonau·
872 1831 1371 1898 ua,inversa.Dumosculsnturenim,

326 1927 366 1966 ue.
388 1941 423 1953 -
442 1912 557 1965 Placidis
577 1914 637 1964 otis.
662 1911 773 1965 Plnritt's
795 1929 826 1964 ex
863 1923 901 1964 ,ut
920 1925 990 1963 recte
1007 1913 1166 1965 Passeratius
1185 1911 1313 1984 explicat,
1328 1913 1371 1964 isti

326 1992 426 2043 Heinsii
449 1992 614 2042 correctione
634 1992 779 2062 repositum
798 1991 827 2042 in
853 1987 925 2040 'duo
935 1988 1018 2060 Hylan
1028 1989 1241 2060 supervolantes,
1251 1991 1369 2061 ipsorum

325 2070 398 2122 editt.
425 2081 474 2122 est.
497 2069 549 2126 Sed
571 2087 633 2122 cunt
651 2069 848 2122 'Lachmanno
871 2086 919 2122 nec
943 2070 1029 2120 minus
1053 2071 1130 2141 puen'
1149 2071 1266 2122 inversus
1285 2068 1372 2122 vultus

325 2162 396 2203 recte
413 2149 575 2202 servabimus
591 2151 716 2220 scriptam
733 2147 826 2201 lectio·
871 2157 919 2198 est.
941 2145 1049 2198 Alteruu
1065 2147 1153 2220 supa,
1172 2149 1286 2202 vicissim
1306 2146 1372 2202 alter

325 2247 386 2280 nem
402 2227 522 2301 placidis.
542 2229 581 2278 lta
596 2227 676 2280 habet
692 2239 827 2282 munuera
870 2225 934 2279 dum
949 2224 1015 2279 alter
1028 2228 1133 2298 refugit.
1236 2255 1239 2263 ·

325 2303 748 2378 litoraPropert.eleg.-t71‚=28;
765 2304 825 2378 pla·
907 2324 949 2377 ²9·
972 2306 1025 2360 ute
1042 2309 1086 2362 sub
1103 2318 1233 2374 extrema,
1257 2322 1306 2362 etc.
1328 2309 1370 2362 Sic

323 2387 410 2438 cidum
427 2399 534 2458 portum
551 2399 577 2437 et
596 2386 661 2438 bonu
678 2385 762 2441 ditoru
775 2387 826 2452 ΙΙΙ,
871 2383 999 2446 codicem
1021 2402 1083 2438 uem
1109 2387 1274 2451 subducitur,
1297 2387 1372 2458 quod

329 2484 375 2536 19,
395 2484 419 2536 7.
434 2463 581 2517 -Mottta
597 2465 757 2537 compositu,
774 2479 824 2518 eto.
871 2461 969 2516 babent
991 2464 1136 2528 nonnulli,
1163 2485 1179 2518 a
1205 2463 1370 2518 librariorum

324 2543 423 2597 lectum
440 2557 520 2614 parat
536 2545 564 2594 in
582 2541 659 2595 litore
675 2541 823 2596 frondibus.
871 2545 1009 2594 oscitantia
1023 2557 1076 2608 est,
1089 2555 1182 2595 cetera
1193 2541 1300 2614 indigna
1316 2563 1371 2596 ure·

325 2619 437 2685 Mollia,
450 2621 552 2674 scilicet
564 2620 673 2685 fronde
687 2620 740 2674 boc
757 2626 826 2676 enim
872 2636 984 2675 moratu.
1005 2625 1103 2676 Heinsii
1120 2625 1249 2693 insignem
1266 2625 1295 2676 iu
1318 2621 1370 2676 boo

325 2698 483 2753 vocabulum
502 2699 542 2752 bis
561 2700 741 2772 intelligitur:
766 2704 829 2776 teqit
872 2719 947 2754 versu
980 2699 1166 2772 interpolando
1198 2701 1370 2756 temeritatem

319 2779 419 2851 fronde
447 2777 544 2845 litora,
572 2791 599 2831 et
629 2778 705 2832 lituro
729 2780 827 2851 fronde
872 2779 993 2850 (scilicet
1017 2782 1064 2852 qui
1086 2778 1194 2832 dederat
1210 2779 1373 2852 legendum,

325 2857 426 2910 mollia.
634 2893 637 2900 ·
875 2858 941 2912 «tlte
958 2858 1002 2913 sed
1020 2871 1135 2912 extrema
1148 2859 1289 2933 pendemus
1306 2861 1374 2914 ludit

361 2938 403 2990 23.
415 2939 504 2992 Consu
516 2935 594 3010 Hylas
609 2939 826 3011 invictijuuent's,
873 2940 900 2990 in
914 2939 970 3003 ala,
989 2941 1022 2991 Et
1036 2938 1159 2992 uolucres
1172 2957 1260 3005 ramo,
1276 2953 1327 2991 ete.
1339 2941 1371 3008 ι)
1458 2975 1461 2979 -

324 3015 452 3071 Herculis.
469 3017 576 3070 Juvenis
586 3016 733 3084 Hercules,
749 3032 779 3071 ut
793 3018 824 3070 il·
870 3020 997 3074 adcurate
1007 3021 1222 3090 interpretatione
1238 3018 1316 3072 facile
1329 3038 1371 3072 re-

323 3095 378 3146 lum
389 3094 454 3148 dicit
468 3097 546 3148 etiam
563 3095 687 3164 Qvidius,
702 3100 771 3152 Fast.
788 3099 824 3166 ll,
870 3097 1036 3170 turmttytas
1050 3116 1105 3149 non
1119 3099 1208 3168 inepte
1221 3115 1250 3148 se
1264 3099 1371 3150 nBore·

322 3171 389 3236 305,
410 3175 509 3226 aForte
521 3193 610 3228 comes
624 3175 825 3250 dominejuue·
870 3175 951 3230 adum
968 3173 1063 3228 osculis
1076 3173 1200 3228 defendit.
1218 3173 1315 3227 Eorum
1332 3175 1369 3227 al·

323 3251 363 3304 nis
375 3252 534 3322 ¹Tirynthius
547 3253 635 3308 ibat.»
654 3255 733 3310 Vides
752 3255 826 3309 nihili
872 3269 972 3318 torum,
993 3273 1073 3324 quum
1092 3271 1173 3324 supra
1190 3267 1271 3325 caput
1290 3273 1369 3308 suum

324 3333 489 3404 esse,·quod
507 3345 608 3386 mutata
627 3337 824 3388 constructione
867 3331 989 3403 ruspensis
1005 3329 1116 3401 palmis,
1131 3343 1161 3382 ut
1176 3329 1263 3384 ossula
1275 3333 1369 3404 supina

323 3413 486 3468 Burmannus
496 3447 501 3458 ·
504 3417 633 3488 juvenem
654 3417 718 3468 lacit
740 3416 823 3487 Hylan
866 3411 966 3474 ferret,
989 3423 1127 3481 segentem
1149 3409 1239 3478 videt,
1262 3412 1368 3468 sinistra

322 3493 419 3544 Inuicti
432 3494 563 3546 consitam.
867 3507 947 3543 manu
968 3499 1108 3542 extremum
1131 3487 1220 3554 uhtu,
1241 3487 1294 3544 hoe
1312 3505 1368 3558 est,

359 3573 400 3626 26.
415 3574 490 3626 'Zetes
504 3585 531 3625 et
543 3572 652 3638 Calais,
670 3572 757 3623 llorere
777 3584 823 3622 sut
867 3569 993 3638 remigum
1021 3585 1168 3638 pennarum
1190 3565 1368 3639 longissimam

320 3649 458 3722 Aquilonis
476 3670 507 3702 ex
529 3649 646 3722 Orithyia
666 3662 740 3720 rapta
760 3645 822 3700 alati
867 3645 980 3717 adripit,
1001 3645 1108 3716 itaque,
1132 3643 1196 3698 dum
1221 3645 1266 3700 ille
1289 3646 1369 3704 altius

320 3727 374 3779 lilii.
391 3729 431 3780 Cf.
451 3729 549 3798 Gierig.
567 3725 601 3778 ad
618 3724 819 3780 Ovid.1ttenm.
865 3723 953 3776 volare
981 3725 1160 3793 enitente-rb
1184 3723 1229 3778 ula
1250 3727 1368 3798 pondere

320 3809 371 3876 Vl,
385 3806 447 3878 677.
866 3803 988 3858 deorsum
1006 3815 1090 3858 tractu
1106 3787 1219 3877 pdr'tde't,
1240 3825 1294 3878 qun
1311 3823 1366 3862 arte

356 3905 398 3956 ²7·
424 3887 555 3960 Suspensis
581 3883 687 3956 palmis.
719 3881 821 3938 Plumis
849 3883 899 3936 -ab
911 3903 957 3936 ore
969 3883 1118 3956 adpetentis
1130 3881 1270 3938 secluditur
1282 3905 1313 3938 ac
1325 3905 1366 3938 re-

319 3965 463 4018 Broultbus.
483 3966 626 4017 Burmann.
647 3960 734 4016 Barth.
759 3981 820 4016 eum
865 3977 986 4016 movetur
999 3985 1005 4016 ε
1018 3962 1125 4018 ulterius
1138 3963 1250 4018 uolucres
1262 3966 1365 4020 iusidias

317 4047 432 4100 livineio
445 4041 583 4098 dederuut.
597 4043 693 4116 Scripti
709 4040 820 4098 Codices
867 4047 972 4099 mmoin
983 4044 1221 4100 dextramsuuttou
1231 4063 1258 4101 ss
1267 4045 1366 4102 submo-
