3116 4756
310 343 377 426 248
604 341 865 408 rnoennrrr
889 341 976 418 tte.
1001 342 1047 407 11.

354 468 418 536 Hic
429 487 518 534 unus
529 463 627 535 dolor
638 481 690 534 est
701 489 742 534 ex
753 464 908 534 omnihus
919 489 996 534 acer
1005 468 1146 550 ementi,
1315 475 1349 544 45

401 579 552 671 Speranti
564 575 674 645 subito
686 577 792 671 sique
808 578 921 644 venire
934 591 1043 670 negat

354 691 488 775 Quuntu
497 687 593 756 illum
607 703 677 755 tuto
690 703 826 756 versant
840 690 983 780 suspiria
994 684 1097 770 lecto,
1207 761 1211 770 ,

401 801 514 886 Quum
524 796 758 894 'recipi,quem
769 821 838 866 nou
847 801 979 866 noverit
989 796 1188 890 illu,putnt;

354 912 396 977 Et
406 931 524 978 rursus
537 931 682 1002 puerum
695 905 879 1003 querendo
893 910 1008 978 audite
1019 907 1148 1000 fatiget,

401 1021 524 1106 Quem,
537 1043 612 1115 quae
625 1020 710 1088 scire
721 1020 832 1102 timet,
845 1041 995 1114 quaerere
1008 1017 1109 1112 plura
1117 1014 1229 1112 jubet!
1316 1025 1352 1082 50

267 1249 269 1258 ’
309 1241 395 1312 qui?-
411 1239 500 1314 lingue
513 1241 614 1296 ferente
627 1239 752 1316 quidem,
763 1239 811 1297 red
855 1241 967 1298 alienum
978 1259 1100 1310 uxumm,
1113 1259 1170 1312 qne
1179 1249 1352 1292 euenturum

309 1317 384 1372 iibrie
398 1318 616 1390 advertentibus,
627 1341 739 1396 qnorum
750 1325 812 1376 teri·
853 1323 991 1394 promitit,
1010 1333 1163 1392 exspectate
1177 1316 1223 1370 iile
1236 1335 1284 1388 per
1297 1333 1353 1368 ter·

308 1412 388 1470 ptura
398 1401 545 1453 communie
559 1412 616 1455 eet:
631 1401 724 1470 eQuid
734 1403 810 1473 juvet
852 1402 942 1455 tulum
952 1403 1060 1454 mireum
1072 1411 1203 1470 negante,
1217 1395 1354 1466 suspirent

309 1479 336 1530 in
352 1475 410 1548 (vel
423 1479 465 1549 et)
479 1479 553 1532 nullo
564 1498 662 1553 ponere
675 1479 756 1532 verbe
769 1478 811 1532 10·
854 1481 933 1532 rnieer
946 1481 974 1531 in
989 1477 1089 1530 lectulo
1105 1477 1227 1542 vertitur,
1246 1475 1321 1526 anxie
1338 1489 1354 1525 a

310 1557 381 1608 eo?-
394 1557 480 1610 Verba
491 1571 550 1625 tue,
563 1558 591 1610 id
599 1571 653 1626 eet,
665 1561 809 1631 proruisse,
853 1576 957 1630 puero,
971 1555 1034 1628 quid
1050 1568 1111 1629 eget
1123 1554 1184 1620 iiie,
1202 1571 1251 1605 cur
1265 1553 1355 1606 venire

312 1631 377 1704 qnid
387 1633 462 1701 juvet
479 1635 567 1688 fecere
587 1635 670 1688 nihili
686 1638 811 1689 Locutio·
854 1635 939 1698 nolit,
951 1637 1094 1708 exquirit.»
1108 1637 1143 1686 At
1156 1651 1254 1706 porro,
1268 1631 1354 1704 inquit

311 1728 389 1778 netu,
401 1713 448 1764 etei
465 1716 546 1766 virent
563 1717 681 1787 ineptum
694 1716 810 1781 criticis,
854 1726 953 1786 poete,
972 1713 1000 1764 in
1017 1711 1171 1764 conditione
1189 1709 1239 1762 hec
1259 1710 1357 1762 umoris

311 1787 495 1843 Lechmennue
508 1788 645 1862 defendit,
662 1795 811 1864 proximum
856 1793 897 1846 eui
909 1803 1007 1863 quante
1019 1791 1093 1843 iilum
1109 1802 1213 1842 emant
1226 1789 1356 1859 suspirie,

311 1863 378 1917 iliud
389 1866 525 1922 ciceroni·
539 1888 714 1943 comparent,
725 1870 759 1924 de
770 1872 814 1924 Fi·
858 1887 940 1943 quum
958 1887 1043 1938 cecus
1060 1872 1100 1921 ire
1118 1867 1169 1920 eibi
1186 1867 1260 1938 fingit
1275 1867 1356 1918 eiiuru

311 1941 405 2010 tribue,
421 1945 460 2012 ΙΙ,
480 1947 530 2000 28:
545 1947 646 2022 nitique
662 1949 814 2016 Socratem,
858 1950 977 2021 quemvit
1000 1946 1034 2000 eb
1055 1949 1140 2001 amice
1157 1947 1257 2018 recipi,
1278 1963 1356 2017 quem

312 2023 359 2094 qui
373 2022 538 2096 voluptatem
556 2025 631 2080 netto
646 2025 703 2080 leco
721 2044 814 2080 nume·
858 2028 903 2082 iiie
915 2048 948 2082 ne
960 2029 1062 2081 noverit
1073 2026 1193 2100 quidem!

312 2114 368 2170 rat,
383 2101 463 2156 tudio
479 2103 627 2172 dicentem,
639 2121 711 2160 etc·
726 2119 752 2158 et
763 2106 815 2158 elie
894 2107 938 2178 49.
949 2109 985 2160 Et
993 2124 1106 2178 puemm
1120 2123 1200 2179 quum
1214 2105 1305 2176 fatiget
1316 2105 1359 2158 in·

312 2182 423 2249 cimilia,
438 2183 466 2236 in
480 2186 542 2237 ertit
556 2183 612 2239 locu
632 2203 768 2258 reponere,
786 2185 815 2235 iu
859 2185 1035 2256 terrogendu,
1050 2183 1141 2238 eedem
1156 2199 1196 2238 ter
1213 2197 1358 2256 quaterque

312 2261 408 2314 virtute
422 2281 533 2333 ponere,
550 2263 577 2314 in
591 2263 677 2316 uxoris
692 2262 748 2316 loce
766 2263 816 2316 ira·
859 2266 987 2336 rogitent.
1004 2264 1131 2316 Ceterum
1146 2263 1184 2316 Et
1200 2280 1284 2316 ninus
1293 2281 1358 2334 pue·

316 2339 382 2392 iere.
392 2340 459 2394 Cum
473 2337 568 2395 eodeni
579 2341 750 2396 Luchmenno
761 2340 815 2393 hue
859 2361 916 2398 nrm
925 2343 1092 2398 scribendum
1101 2362 1158 2397 eece
1172 2361 1233 2394 eum
1244 2343 1359 2396 Grunin·

313 2423 395 2472 etiem
418 2419 535 2472 retrahet
557 2423 685 2492 Propertii
711 2439 816 2474 vertum
859 2440 945 2494 geno,
965 2421 1165 2494 Neapolitano,
1181 2420 1258 2488 eiiie,
1278 2437 1359 2474 tenue

315 2496 394 2570 vulgo
406 2517 460 2550 nun
475 2499 654 2566 intellectum,
664 2503 694 2570 1,
709 2517 752 2571 19,
766 2515 816 2568 πο,
860 2503 969 2565 evincit,
982 2519 1037 2552 nun
1049 2501 1084 2552 Et
1093 2519 1201 2554 mettim.
1213 2529 1251 2540 -
1262 2499 1358 2569 Quem,

317 2577 408 2630 «Turn
437 2577 502 2632 mihi
526 2597 579 2631 non
600 2578 657 2632 ullo
684 2597 756 2632 more
783 2580 817 2630 eit
859 2579 1360 2653 quereiretimet,etc.Vuigo:nQueni,

317 2657 502 2711 anteniaco.»
514 2659 626 2710 Mortem
637 2674 751 2712 eruerem
758 2656 816 2710 nul·
860 2676 918 2728 quie
935 2657 1001 2710 scire
1017 2659 1108 2723 timet,
1126 2658 1210 2710 dicere
1221 2657 1296 2728 piure
1314 2657 1360 2727 ju-

314 2733 364 2788 litte
384 2733 434 2788 eibi
457 2737 583 2788 momenti
602 2749 628 2790 et
646 2754 815 2809 nequaquem
858 2733 912 2786 bet.
922 2757 935 2783 ι
947 2736 986 2788 ite
1000 2733 1106 2808 quidem
1118 2733 1276 2788 Beroalduee
1289 2737 1361 2807 prie-

315 2832 420 2886 gravem
436 2814 494 2866 fure
512 2813 575 2866 dicit
593 2814 815 2888 poete,tipuel·
859 2831 901 2867 ree
921 2827 948 2868 et
963 2817 1053 2886 teripti
1074 2816 1188 2868 univerti
1203 2833 1258 2866 nou
1279 2813 1362 2868 dicere

315 2893 368 2946 ient
380 2893 431 2948 tibi
442 2891 546 2947 fidelem
554 2897 630 2949 tciet.
859 2890 973 2961 hebent,
988 2892 1035 2947 ted
1050 2912 1170 2966 querere.
1184 2895 1265 2946 Recte
1278 2911 1359 2946 senez

352 2973 395 3042 48.
415 2975 501 3045 Quum
520 2973 616 3047 recipi,
631 2987 682 3028 etc.
697 2974 771 3046 Piget
788 2975 816 3028 in
861 2976 1041 3047 Puerun,qui
1049 2995 1078 3028 ee
1086 2994 1207 3040 cautem,
1218 2993 1266 3026 cur
1273 2971 1360 3046 puelle

315 3052 363 3106 uli
372 3055 519 3126 fragmento
532 3056 657 3124 majorem
668 3072 758 3108 eurem
768 3074 817 3126 pu·
861 3073 915 3108 non
928 3057 1031 3122 veniet,
1049 3057 1116 3108 eciee
1128 3057 1247 3127 negavit,
1265 3052 1360 3125 piure,

316 3151 399 3199 nere,
420 3143 447 3185 et
467 3135 620 3186 varietatem
643 3134 687 3186 hic
710 3152 817 3186 emnem
862 3155 921 3208 que
936 3139 991 3207 ipre
1003 3139 1077 3188 timet
1090 3137 1174 3198 ecire,
1187 3151 1301 3205 querere
1315 3134 1361 3202 ju·

317 3211 420 3281 scripte
433 3207 474 3261 vei
486 3209 562 3262 edite
575 3209 696 3265 lectioni·
712 3210 816 3282 eblego.
862 3213 1010 3281 bet'Quid,
1020 3216 1040 3266 ei
1052 3209 1223 3284 continente,
1235 3209 1282 3264 ted
1293 3229 1361 3263 eme·
1391 3209 1393 3214 ’

316 3290 414 3340 Ver-unt
432 3287 538 3342 videtur
558 3290 603 3356 id,
619 3291 692 3362 quod
709 3292 818 3344 Beruen-
862 3293 926 3345 torie
941 3293 1093 3356 terruerit,
1112 3290 1158 3362 qui
1178 3290 1298 3340 nuntium
1317 3306 1361 3340 re-

317 3366 461 3420 diniVelle
469 3368 560 3422 Codex
569 3369 677 3422 hebuit:
691 3369 818 3438 eQuente
862 3369 1045 3423 tulerit?'i'unr
1054 3368 1176 3420 dicerene
1184 3367 1245 3419 ferri
1254 3365 1361 3439 quidem

317 3445 392 3499 ilium
406 3461 464 3499 tote
481 3461 588 3500 vertent
606 3449 716 3521 suspirie
731 3447 817 3514 lecto,
861 3460 958 3520 potest.
968 3447 1095 3500 Ceterum
1109 3445 1153 3498 iric
1166 3443 1310 3499 verticuiur
1327 3445 1361 3498 ii·

318 3523 409 3592 Quum
427 3527 528 3597 recipi,
544 3543 623 3598 quem
642 3542 697 3576 non
714 3526 818 3577 noverit
860 3525 909 3578 bru
930 3525 1107 3596 Neapolitano
1128 3524 1246 3592 exsulet,
1264 3543 1316 3597 que
1333 3543 1362 3578 re

317 3603 378 3671 iile,
392 3607 506 3676 putati»
523 3603 656 3658 Sententia
670 3614 750 3656 recte.
763 3605 819 3655 Tu·
861 3603 1033 3658 confirmetur
1048 3603 1092 3668 id,
1106 3603 1177 3676 quud
1194 3600 1227 3657 de
1241 3605 1361 3676 proximo

319 3683 371 3735 tius
391 3682 445 3736 loci
469 3685 613 3749 rationem,
633 3699 713 3753 quent
732 3675 819 3734 Lech-
859 3679 938 3737 'versu
958 3681 1047 3756 (eleg.
1063 3681 1117 3754 23)
1141 3681 1238 3738 dicturi
1260 3700 1360 3736 eumue.

319 3778 408 3815 menn.
421 3759 679 3834 eperit,coneidere:
691 3761 818 3815 «Amator
862 3761 1023 3815 helimanni
1036 3775 1101 3815 nuta
1114 3759 1178 3816 hee.
