3122 4756
643 484 893 582 ELEGIA
919 487 978 580 Χ.

625 725 686 788 ΑΒ
710 723 992 790 AUGUSTUM.

695 1149 923 1188 anonumum

329 1269 476 1327 Amorum
488 1278 613 1326 tenuem
627 1265 727 1348 lyram
743 1269 831 1350 ponit
846 1266 1042 1349 Propertius,
1056 1280 1086 1326 et
1101 1265 1225 1348 majoris
1241 1281 1334 1347 argu-

186 1385 194 1396 *
289 1365 387 1424 menti
411 1385 457 1424 res
482 1361 626 1424 dicendas
648 1362 853 1444 adgrediens,
883 1363 1003 1423 Orienti
1033 1363 1247 1423 imminentem
1273 1363 1333 1422 Au·

288 1475 430 1543 gustum,
453 1473 602 1542 occupata
619 1458 684 1540 jam
702 1459 829 1535 Arabia,
852 1457 993 1520 celebrat.
1015 1457 1140 1540 Jejunas
1160 1458 1286 1542 quidem
1305 1469 1334 1518 et

289 1557 461 1620 inconditas
481 1579 543 1618 esse
560 1557 666 1618 laudes
684 1577 769 1632 suas,
790 1556 842 1617 sed
857 1555 985 1617 deficere
1003 1555 1062 1616 sibi
1080 1555 1120 1616 ad
1134 1568 1200 1618 tam
1220 1575 1333 1636 magna

288 1676 458 1737 ingenium.

334 2065 398 2136 Sed
409 2081 542 2160 tempus
555 2066 698 2137 lustrare
713 2069 787 2136 aliis
800 2065 961 2136 Helicona
975 2065 1125 2148 choreis,

378 2181 421 2245 Et
432 2201 588 2272 eampum
601 2184 777 2250 Haemonio
786 2179 858 2272 jam
869 2178 950 2248 dare
964 2195 1099 2270 tempus
1112 2198 1210 2270 equo.

331 2291 408 2354 Jam
419 2284 500 2355 libet
512 2303 545 2355 et
555 2287 657 2356 fortes
669 2311 860 2356 memorare
873 2287 917 2355 ad
930 2283 1046 2379 praelia
1057 2300 1203 2364 turmas,

305 2429 309 2436 ⁴
379 2400 422 2465 Et
432 2389 583 2467 Romana
594 2402 660 2468 mei
674 2397 785 2469 dicere
796 2413 905 2466 castra
916 2396 1022 2465 ducis.

322 2636 344 2672 1.
364 2620 415 2673 Sed
427 2631 539 2690 tempas,
556 2633 606 2672 etc.
620 2619 732 2675 Orrlitur
750 2619 784 2672 ab
830 2619 936 2671 datione
951 2617 1024 2670 haud
1039 2615 1129 2668 dubie.
1140 2643 1176 2656 -
1187 2613 1256 2668 Attis
1267 2613 1332 2668 ciro-

283 2701 334 2751 isto
346 2701 461 2751 carmine
471 2696 654 2752 Lachmannns
669 2715 785 2752 1111111111
829 2697 890 2762 reis,
900 2697 977 2748 Musa
992 2713 1061 2747 nora
1072 2694 1333 2747 comite-Haimo-

284 2791 397 2841 11111111,
409 2793 459 2847 pro
472 2789 603 2846 quatuor,
615 2790 645 2829 ut
656 2777 735 2848 vulgo
747 2777 784 2844 fit,
829 2777 875 2828 nio
888 2794 962 2848 equo.
977 2773 1119 2828 Thessalus
1134 2791 1237 2846 equus,
1251 2773 1293 2826 vel
1312 2775 1334 2827 si

283 2856 403 2930 partibus
423 2857 560 2928 Propertio
578 2859 695 2930 quinque
714 2858 785 2910 adsi·
829 2856 986 2908 fortissimos
995 2855 1129 2908 Thessalia
1141 2856 1274 2926 genuerit,
1284 2871 1333 2905 au·

282 2953 377 3005 gnane.
401 2934 545 3004 Dispositio
568 2934 623 2988 haec
643 2935 784 3003 voluminis
829 2933 932 2988 daciam
955 2936 1054 3006 ingenii
1073 2936 1199 3003 majorem
1222 2933 1332 3001 figurate

283 3032 352 3067 nova
373 3015 531 3084 argumentis
552 3015 650 3087 quibus
670 3034 702 3068 ex
724 3016 784 3087 ipso
829 3013 979 3084 significans
1003 3031 1058 3065 non
1085 3013 1148 3063 satis
1171 3007 1330 3078 intelligitur.

282 3103 362 3161 poeta
372 3090 492 3143 deductis
505 3091 602 3144 firmari
613 3095 710 3165 possit,
720 3092 786 3145 sub·
829 3093 964 3146 Probabili
977 3095 1133 3163 conjectura
1147 3089 1268 3142 Heinsius
1282 3087 1331 3139 Ao·

279 3171 352 3238 jecta
370 3168 513 3222 ostendunt
533 3184 624 3224 notata
644 3171 679 3224 ad
698 3173 785 3226 vitam
830 3175 874 3225 nio
888 3193 952 3246 equo
965 3170 1120 3244 reponebat.

281 3247 412 3318 Propertii
429 3246 590 3320 Chronolog.
608 3269 669 3322 pag.
696 3252 728 3304 15
744 3270 783 3324 sq.
864 3252 890 3305 3.
901 3253 1011 3304 Tannus
1012 3250 1097 3322 sortes
1104 3248 1140 3300 ad
1145 3247 1246 3320 prelia.
1254 3247 1331 3299 Stru-

281 3327 388 3378 initium
401 3338 489 3378 autern
502 3329 623 3382 carminis
640 3329 718 3401 hujus
735 3329 784 3380 (le-
830 3344 903 3382 ctura
923 3328 1116 3401 prepositionis
1138 3325 1174 3376 ad
1193 3323 1330 3376 familiaris

281 3405 342 3456 cirni
355 3402 583 3459 considerantibus
598 3405 699 3478 patebit
713 3425 784 3479 qtrse·
828 3409 973 3478 Propertio.
998 3408 1036 3457 lta
1054 3403 1154 3474 sapiens
1173 3401 1276 3474 (terra)
1294 3401 1330 3454 nd

280 3481 342 3535 dam
354 3482 495 3536 antedicta
506 3486 625 3554 periisse,
637 3483 783 3536 Adversan-
829 3503 916 3536 verum
928 3481 1039 3553 legimus
1051 3483 1088 3547 11,
1104 3480 1150 3548 13,
1163 3480 1214 3547 41,
1227 3479 1330 3533 venales
1401 3539 1402 3548 p

281 3561 309 3614 ‹li
330 3563 400 3614 enim
417 3563 546 3632 particula
566 3562 617 3616 Sed
635 3576 665 3614 nt
685 3561 783 3615 habeat
826 3562 947 3633 (amicae)
958 3561 993 3614 od
1004 3579 1099 3614 munus
1109 3563 1148 3626 11,
1162 3558 1210 3624 16,
1221 3575 1251 3612 21
1263 3579 1271 3622 ς
1282 3578 1330 3614 eoe·

280 3639 387 3707 locam,
407 3643 555 3694 necessaria
583 3641 634 3694 alia
662 3641 781 3711 proxima
826 3661 870 3695 cus
880 3640 916 3693 ad
919 3641 1050 3713 sonneras
1063 3639 1100 3705 11,
1115 3639 1331 3705 2²‚no;solrius

281 3733 355 3785 sunt,
366 3719 461 3791 quibus
473 3719 641 3793 respondeat.
649 3715 731 3770 Aliter
736 3719 782 3787 ju·
826 3721 860 3772 acl
871 3720 928 3772 lites
937 3721 989 3786 lv,
1003 3738 1033 3784 a,
1046 3736 1094 3788 293
1113 3717 1188 3772 irrita
1198 3715 1281 3790 (tela)
1294 3719 1330 3772 ad

280 3797 412 3852 dicantem
421 3799 546 3871 Vulpium
556 3799 620 3849 ratio
630 3793 725 3848 refellit
735 3815 782 3848 cu·
820 3798 894 3870 feras
903 3799 950 3865 IV,
965 3815 997 3867 9,
1011 3795 1055 3862 rio·
1065 3797 1172 3848 -Mee
1187 3796 1253 3850 Vide
1269 3809 1327 3850 not.

276 3879 436 3950 juscumque
445 3877 621 3931 sermonis.ln
630 3887 692 3927 vett.
706 3873 780 3928 editis
826 3875 860 3928 ad
876 3875 941 3948 eleg.
956 3893 983 3942 1,
996 3875 1165 3944 25.-Dux‚
1177 3876 1210 3930 de
1220 3895 1328 3947 regnan·

279 3955 352 4009 libris
359 3957 420 4010 Jam
433 3969 533 4028 tempus
541 3956 644 4026 legitur,
655 3973 685 4005 ex
695 3973 781 4008 emen·
826 3969 853 4008 te
864 3957 996 4028 principe,
1009 3967 1039 4008 ut
1049 3958 1086 4022 ll,
1101 3955 1146 4021 16,
1160 3971 1200 4007 20.
