3116 4756
303 347 370 438 296
596 341 859 410 1101111111
885 343 973 408 mn.
998 343 1045 408 11.

394 467 517 540 Borida
526 469 691 536 muscosis
703 483 800 536 anua
811 482 923 538 tenere
931 465 1031 562 jugis.

348 579 421 649 Illic
432 577 595 673 adspicies
608 575 754 670 scopulis
765 576 894 647 haerese
904 581 1058 662 Sorores,

393 695 436 758 Et
446 711 566 758 canere
577 691 706 783 antiqui
718 688 829 756 dulcia
839 689 928 758 furtu
938 692 1050 756 Jovis:
1152 685 1155 690 ’

347 805 394 870 Ut
404 799 532 870 Semela
543 815 594 866 est
604 797 816 882 combustus,
831 815 868 867 ut
878 817 929 867 est
939 797 1133 892 deperditus
1148 803 1203 882 lo,

393 913 545 1004 Denique
559 926 598 977 ut
608 910 651 978 ad
665 907 776 1002 Trojoe
788 927 875 978 tecta
886 909 1006 978 volarit
1016 911 1098 977 uvis.
1308 917 1345 974 3ο

346 1021 445 1108 Quod
456 1024 484 1088 si
498 1045 598 1088 nemo
611 1037 732 1104 exstet,
747 1024 804 1116 qui
817 1023 933 1090 vicerit
943 1021 1031 1090 alitis
1044 1044 1154 1104 arma,

393 1134 588 1218 Communis
601 1129 709 1224 culpae
720 1155 782 1198 cur
793 1155 871 1200 rens
883 1155 972 1199 unus
985 1135 1088 1224 agor?

346 1245 415 1309 Nec
426 1257 464 1309 tu
475 1242 658 1334 virginibus
669 1246 855 1312 reverentia
866 1245 1011 1311 moveris
1023 1267 1100 1326 oca5

391 1353 456 1419 Hic
468 1375 604 1446 quoque
615 1375 684 1420 non
696 1356 816 1434 nescit,
828 1352 911 1446 quid
923 1355 967 1418 sit
975 1374 1104 1434 amase,
1117 1351 1259 1434 ohonus;

229 1544 233 1562 ἱ
345 1462 378 1531 Si
389 1477 501 1530 tamen
515 1461 1130 1556 OBagriquaedamcompressafigura
1310 1475 1345 1529 35

392 1574 545 1640 Bistoniis
555 1570 637 1638 olim
649 1569 789 1663 rupibus
801 1570 972 1639 adcubuit.

344 1683 408 1748 Hic
421 1679 480 1748 ubi
491 1695 523 1748 te
537 1682 646 1773 prima
657 1695 805 1770 statuent
816 1682 852 1750 in
865 1697 960 1775 parte
972 1679 1120 1764 choreae,

297 1883 374 1936 tinno
401 1884 516 1934 carmine
543 1881 697 1950 celebrare,
728 1883 799 1955 ipsas
842 1882 902 1938 vide
916 1887 946 1952 1,
959 1883 992 1950 6,
1011 1885 1054 1936 13.
1073 1880 1345 1955 Cytbmoepsoerolcs

297 1979 404 2034 qnoque
414 1961 448 2013 ab
459 1964 555 2014 amoris
567 1964 688 2034 contagio
697 1981 799 2032 nequa·
844 1965 916 2038 apud
936 1967 1088 2032 Horatium,
1112 1964 1198 2017 Carni.
1217 1965 1270 2031 111,
1294 1980 1344 2029 12,

297 2057 377 2112 quam
397 2038 502 2092 liberas.
524 2041 630 2091 Utinam
654 2054 680 2094 et
702 2041 753 2094 sihi
772 2043 799 2094 in
843 2045 879 2112 4,
899 2044 1012 2098 volatilis
1025 2061 1092 2116 puer
1108 2042 1220 2108 ovidio,
1237 2042 1341 2095 Amore.

295 2117 348 2170 boc
361 2118 445 2171 choro
460 2137 522 2172 cnm
535 2118 625 2191 puelia
639 2138 690 2173 sua
705 2138 799 2173 canere
844 2122 881 2188 tt,
895 2139 929 2192 7,
950 2138 992 2190 ²7·

297 2194 413 2248 licenti·
881 2197 924 2252 33.
941 2199 1096 2272 Virqtattus.
1112 2196 1220 2250 Sorores
1232 2198 1346 2269 virgines

335 2279 377 2330 16.
391 2278 487 2331 Bos-ido
501 2291 587 2334 antra.
601 2279 696 2332 Borido
709 2281 810 2351 scripti.
845 2275 969 2349 (Musas)
982 2277 1116 2349 intelligis.
1129 2279 1237 2342 Noctu,
1248 2279 1358 2348 inquit,-

298 2355 357 2408 libri
370 2357 541 2426 forconinos,
554 2359 662 2412 Roscida
676 2357 802 2412 exhibent
845 2357 1315 2430 mboreminjiciescastissorosibus.
1397 2351 1402 2366 ⁹

298 2435 430 2508 impressi.
882 2439 926 2492 35.
936 2439 965 2491 Si
975 2451 1070 2492 tamen.
1084 2438 1149 2490 Vide
1160 2437 1193 2490 ad
1204 2440 1248 2503 lv,
1262 2455 1289 2504 1,
1302 2435 1347 2508 49,

335 2532 378 2584 ²7·
387 2516 498 2584 Sorores,
509 2517 617 2581 Musas,
627 2517 707 2584 111111,
721 2533 744 2584 1,
758 2529 799 2588 17.
846 2515 892 2568 ubi
906 2517 991 2568 forma
1012 2515 1105 2570 eadem
1124 2529 1181 2582 est,
1199 2535 1279 2586 quam
1299 2535 1347 2586 po·

297 2595 335 2645 lta
361 2593 451 2646 alitem
469 2593 606 2647 indefinito
632 2613 710 2647 sensu
734 2593 800 2648 dicit
846 2595 918 2662 suit,
935 2596 964 2648 Si
982 2597 1068 2648 modo.
1088 2624 1124 2636 -
1143 2595 1280 2665 Quodam.
1301 2596 1347 2647 Bet

298 2689 376 2737 mox,
389 2691 466 2725 sessu
482 2673 526 2725 31.
539 2702 575 2713 -
589 2673 701 2745 Antiqui
718 2675 800 2728 Joois.
847 2673 965 2746 quadum
976 2677 1023 2726 ista
1034 2672 1168 2746 Calliope,
1181 2693 1212 2727 cx
1223 2675 1347 2745 (Euam,

297 2750 440 2822 Epitheton
450 2753 521 2804 Jovis
534 2755 655 2824 asstiqsuss
670 2756 747 2805 etiam
756 2757 799 2822 tv,
846 2756 891 2826 qui
909 2773 954 2806 rex
974 2753 1125 2820 Thracum,
1146 2755 1204 2805 Lini
1221 2765 1347 2805 1111111111

298 2829 330 2897 4,
347 2833 539 2904 2.-Adspicies
550 2851 650 2886 canere.
665 2833 731 2886 Vide
743 2848 801 2886 not.
844 2832 954 2904 Orphei,
972 2833 1038 2884 Vide
1055 2831 1210 2904 Apollodos.
1230 2835 1256 2895 Ι,
1275 2832 1304 2897 3,
1322 2847 1347 2883 2.

299 2908 334 2962 ed
345 2909 410 2980 eleg.
431 2911 475 2976 16,
490 2911 532 2982 49.
843 2913 1009 2966 -Bistoniis
1022 2913 1142 2985 rupibus,
1160 2910 1195 2963 ad
1211 2929 1291 2983 rupes
1307 2911 1350 2962 Bi·

335 3006 377 3058 ²9·
407 2991 440 3042 Ut
462 2989 565 3044 Semela
588 3003 625 3045 est
645 2994 800 3048 combustus.
844 2995 952 3046 stonias.
975 2992 1088 3044 Ablativi
1110 2992 1194 3042 forma
1215 3004 1272 3054 est,
1297 3007 1350 3060 qua

297 3067 344 3120 Vis
365 3067 460 3122 doctus
485 3069 594 3123 adnotat
614 3069 798 3142 (Kuinoel):
845 3072 939 3143 sepios
958 3073 1040 3124 utitur
1055 3084 1142 3142 poeta.
1160 3069 1225 3122 Vide
1240 3081 1296 3120 not.
1314 3066 1349 3119 cd

300 3147 461 3220 «Exquisite
499 3151 643 3204 combustus
672 3150 801 3217 Semela,
844 3151 892 3216 IV,
909 3152 941 3216 3,
966 3167 1004 3202 ιο.
1024 3151 1141 3203 Bistones
1158 3162 1264 3214 autem,
1284 3163 1349 3216 pens

297 3229 797 3298 quametipsamfuimioecombussit·
844 3227 983 3294 Thracia,
1013 3245 1092 3298 quam
1120 3243 1169 3296 pro
1201 3221 1348 3276 Thracibus

296 3303 366 3376 (vide
374 3304 439 3378 eleg.
450 3307 496 3370 28,
506 3307 558 3378 nd).
569 3309 656 3377 Jejuni
667 3319 692 3360 et
701 3305 799 3377 illepidi
843 3308 907 3377 ipsis
927 3309 1053 3358 nominet.
1075 3334 1111 3345 -
1132 3303 1234 3378 OEaprt'
1247 3299 1348 3376 fiqura.

298 3379 382 3448 sales,
404 3401 471 3454 quos
485 3383 552 3437 absit
566 3396 597 3436 nt
614 3403 739 3458 umquam
756 3387 799 3435 in·
843 3385 884 3436 Ne
910 3397 993 3436 tentes
1018 3383 1061 3435 hic
1089 3401 1151 3434 cnm
1182 3379 1348 3434 Brouisbusio

297 3465 618 3535 geremusPnopestio.-
637 3466 687 3526 Io,-
699 3463 731 3515 de
746 3481 799 3534 qna
845 3457 960 3514 alienum
979 3479 1082 3516 sensum
1105 3461 1215 3526 inferre,
1236 3459 1349 3514 bominis

295 3541 356 3594 vide
366 3542 433 3614 eleg.
444 3543 494 3610 at,
504 3545 612 3614 17-18.
624 3543 718 3596 Sextus
726 3559 802 3594 casus
838 3539 957 3614 fipurom
969 3543 1066 3594 Noster
1082 3540 1168 3612 ipsum
1183 3539 1246 3592 dicit
1262 3540 1348 3592 bomi-

297 3617 454 3672 bocnosnen
466 3633 517 3688 est,
528 3619 800 3685 officiosis-Avis,
846 3639 922 3687 nem,
939 3638 993 3673 non
1015 3619 1089 3672 aliter
1107 3633 1187 3690 atque
1210 3619 1348 3672 Inachidos

297 3698 387 3770 aquila
404 3700 506 3766 factus,
521 3699 602 3774 quum
620 3719 651 3752 es
664 3699 709 3752 ida
723 3716 802 3750 naon-
845 3717 941 3751 comus
959 3715 1008 3769 pro
1019 3699 1077 3770 ipsa
1090 3695 1215 3750 lnacbide
1231 3699 1347 3772 positum

298 3787 324 3828 ts
342 3777 512 3849 Ganymeden
530 3791 641 3849 raperet.
660 3805 696 3818 -
718 3777 801 3849 Trojoe
845 3775 956 3828 vidimus
972 3780 996 3844 Ι,
1009 3777 1042 3843 3,
1057 3795 1099 3832 ao.

298 3862 372 3906 tecto.
388 3854 454 3907 Vide
469 3859 495 3921 1,
509 3857 542 3920 6,
556 3857 580 3924 4.
880 3853 923 3924 37.
936 3855 1004 3922 Hic,
1019 3857 1086 3909 iuter
1098 3859 1203 3922 Musas,
1219 3857 1263 3910 uti
1275 3868 1299 3912 te
1313 3855 1347 3908 ii·

335 3931 378 3985 31.
392 3933 486 4003 Alitis,
496 3935 549 3988 dis-i
561 3931 717 4006 Cupidinis,
729 3945 758 3986 ut
770 3933 800 3985 il·
843 3933 929 3986 lasum
937 3953 1031 4006 agmen
1042 3939 1155 4008 primam
1166 3955 1223 3990 csse
1234 3937 1346 3990 voluerit

297 4009 352 4062 lum
375 4011 474 4066 Noites
497 4031 566 4086 steps
586 4011 651 4068 'dicit
667 4031 798 4086 puerum.-
844 4015 1015 4086 reginamque
1033 4015 1152 4087 choree,
1171 4028 1235 4068 tunc
1253 4029 1279 4068 et
1296 4031 1345 4084 ego
