3122 4756
188 395 1223 432 W

502 493 778 638 'nouom
814 541 901 636 vr.

530 749 593 893 ΔΙ)ι
614 748 882 816 ΟΥΝΤΗΙΔΜ.

597 1153 821 1190 ΑΙῦῦΙΕΜῦΙ.

227 1262 324 1324 Dolor
344 1276 374 1324 et
396 1259 571 1342 indignatio
598 1263 750 1344 Propertii
772 1261 811 1321 de
832 1272 897 1322 tam
921 1282 1035 1342 magno
1059 1273 1231 1322 amatorum

186 1360 296 1435 turha,
307 1379 375 1440 quae
387 1355 528 1440 Cynthiae
544 1356 671 1418 adsidue
682 1369 766 1418 tenet
777 1371 959 1440 occupatam
974 1357 1164 1442 impudicam
1175 1357 1230 1419 do-

187 1477 284 1518 mum.
300 1456 447 1517 Liberum
459 1473 634 1536 numquam
649 1475 679 1514 se
692 1455 806 1516 timore
819 1473 896 1530 esse,
915 1468 945 1514 et
963 1453 1075 1514 adduci
1090 1474 1127 1514 eo
1142 1455 1231 1514 mise-

187 1575 257 1616 rum
273 1571 446 1631 amantem,
464 1566 500 1614 ut
517 1575 581 1631 res,
595 1573 664 1635 qnae
684 1565 756 1613 sunt
769 1573 825 1636 per
840 1574 871 1613 se
889 1551 996 1628 nihili,
1015 1573 1070 1637 pro
1086 1553 1231 1634 suspectis

157 1699 160 1706 ,
186 1649 315 1726 habeat3
331 1649 471 1733 Cynthio
486 1664 616 1711 amatre
633 1671 689 1710 sua
707 1650 815 1710 datum
830 1651 969 1710 osculum
983 1669 1048 1710 non
1067 1647 1163 1724 ferat3
1185 1662 1231 1709 te·

187 1769 297 1810 nerum
309 1749 344 1808 in
355 1749 443 1809 cunis
454 1761 564 1832 paveat
577 1748 747 1824 infantem3
760 1748 817 1810 suh
830 1749 894 1831 ipsa
905 1749 1011 1808 amicae
1021 1749 1127 1810 tunica
1138 1745 1232 1808 latere

187 1849 290 1908 virum
309 1847 367 1906 sibi
385 1845 573 1928 persuadeat.
588 1845 783 1908 Riualitatem
801 1859 832 1906 et
844 1847 921 1906 vitia
936 1843 1002 1906 haec
1019 1845 1135 1906 amoris
1155 1865 1231 1920 esse,
1264 1861 1268 1868 '

188 1965 258 2026 quae
273 1963 353 2027 stepe
367 1945 402 2004 in
423 1964 536 2026 magna
555 1945 714 2026 eruperint
736 1943 819 2004 mala
838 1966 846 2003 ε
870 1943 944 2020 inde
960 1941 1061 2024 Trojae
1080 1941 1179 2003 clades
1201 1955 1232 2002 et

188 2039 352 2100 c'roentatae
372 2039 503 2100 Pirithoi
514 2031 650 2121 nuptioe3
667 2039 740 2102 inde
752 2039 873 2100 Sabine
885 2051 995 2121 raptae,
1014 2051 1044 2100 et
1057 2039 1232 2121 protervior

189 2137 222 2195 in
242 2135 304 2196 dies
320 2157 454 2198 crescens
475 2139 598 2196 morhm
612 2137 744 2198 licentia.
765 2137 793 2196 O
809 2135 931 2196 felicem
947 2135 1061 2218 Ulyssis
1081 2134 1231 2216 pudicum

188 2229 316 2293 lectum!
330 2254 349 2293 o
363 2232 485 2293 felicem
499 2233 667 2310 feminam,
682 2253 751 2316 quae
766 2231 906 2314 conjugis
922 2232 1017 2294 limen
1032 2233 1132 2294 amat!
1150 2233 1231 2309 (Ca-

188 2340 250 2390 tere
267 2329 376 2390 mutila
389 2344 478 2406 sunt,
492 2329 530 2390 de
541 2331 655 2412 quibus
666 2330 737 2391 vide
748 2329 867 2406 notas.)

655 2547 762 2566 a*

236 2641 330 2755 Nou
342 2690 387 2756 ita
399 2689 614 2782 complebant
624 2687 788 2784 Ephyreoe
802 2686 924 2756 Laidos
935 2685 1040 2769 aedes,

279 2795 329 2864 Ad
339 2793 436 2889 cujus
447 2793 553 2889 jacuit
565 2800 695 2866 Graecia
707 2813 777 2864 tota
788 2797 897 2878 fores3

233 2905 347 2974 Turba
359 2906 573 2974 Menandreae
585 2909 696 2975 fuerat
707 2931 770 2976 nec
781 2905 929 2974 Thaidos
942 2905 1033 2974 olim'

279 3021 404 3100 Tanta,
418 3019 453 3082 in
465 3041 532 3111 qua
543 3019 690 3110 populus
704 3017 784 3086 lusit
797 3015 1055 3098 Erichthonins3

227 3217 248 3252 t.
263 3199 322 3254 Lau
339 3199 473 3273 impudica
490 3200 590 3255 venalis
603 3203 687 3256 famo·
731 3200 807 3254 dritta
825 3202 884 3255 ortu
904 3200 1007 3254 lucram
1020 3197 1094 3272 apud
1115 3197 1232 3251 Athenas

188 3296 237 3346 sa,
257 3289 336 3348 flente
355 3279 465 3348 Sicula,
487 3299 544 3352 que
568 3279 687 3334 Corinthi
732 3283 857 3354 quesivit.
869 3277 1143 3333 Menandmniillam
1153 3277 1231 3344 dicit,

188 3356 349 3410 domicilium
359 3355 458 3411 hahuit.
471 3359 595 3432 Ephyren
604 3362 639 3412 ita
653 3359 687 3413 ab
732 3379 811 3432 quam
823 3373 905 3432 poeta
914 3359 1060 3412 Menander
1072 3377 1156 3412 scenas
1167 3375 1232 3428 per·

187 3435 289 3509 Ephyra
304 3436 412 3505 dicitur,
428 3451 502 3491 vetus
519 3435 591 3510 quod
609 3439 689 3490 exsti·
732 3461 823 3494 sonam
845 3440 994 3494 induxerat.
1009 3433 1116 3492 ¹Fabula
1133 3437 1234 3490 interiit

186 3515 250 3569 tisse
267 3533 365 3568 nomen
380 3515 506 3568 Corintho
524 3515 621 3569 Plinius
637 3517 687 3570 do·
731 3521 879 3576 Menandri.
901 3551 937 3564 -
954 3519 1070 3594 Populea
1091 3517 1233 3572 Erichtho·

187 3607 245 3660 oet,
258 3595 324 3648 Hist.
339 3597 401 3648 Nat.
416 3597 464 3662 lV,
479 3595 504 3662 4.
514 3625 550 3636 -
560 3595 650 3650 Jaoere
661 3609 687 3650 ot
731 3601 804 3667 aues,
822 3599 1012 3666 Athenienses,
1032 3597 1067 3652 ah
1084 3593 1231 3649 Erechtheo

187 3671 284 3726 cubare
296 3686 323 3726 et
333 3672 401 3726 volvi
413 3675 578 3727 meminimus
596 3691 686 3728 aman·
729 3680 770 3732 vel
782 3679 954 3732 Erichthonio
969 3677 1102 3752 quondam
1115 3693 1185 3746 rege.
1196 3705 1233 3715 -

187 3763 225 3806 tet
239 3751 273 3804 ad
285 3754 429 3807 amicarum
441 3753 538 3808 limina.
730 3759 828 3812 uadem
844 3760 955 3813 verbnm
969 3759 1066 3810 amoris
1085 3769 1141 3822 est,
1159 3754 1235 3826 qnod

221 3833 247 3884 3.
263 3833 349 3886 Turbo
366 3851 413 3884 neo
427 3831 541 3902 ficerat,
559 3851 609 3886 neo
626 3833 686 3886 tuit.
731 3854 808 3890 moso
820 3839 941 3909 proximo
952 3836 1077 3890 vertimus
1087 3851 1137 3888 nos
1147 3833 1232 3901 Galli,

185 3909 304 3962 Diximus
318 3909 352 3962 de
364 3911 509 3964 venatione
521 3911 571 3964 hec
584 3924 687 3984 tempo-
730 3913 979 3982 Foldtrer,Prendre
987 3931 1024 3966 ses
1032 3913 1108 3966 dbots.
1121 3915 1160 3964 lta
1169 3929 1231 3964 vero

187 4007 245 4044 rom
257 3989 292 4044 ad
307 3991 335 4058 1,
352 4007 400 4058 to,
416 4009 440 4044 a.
454 4020 491 4034 -
505 3993 601 4060 Thais,
616 3991 687 4050 clara
732 3991 819 4046 ludere
831 3993 858 4046 ia
875 3993 976 4046 Thaide
989 3994 1123 4065 positum,
1134 4005 1165 4044 ut
1176 4005 1232 4048 erat

188 4069 277 4126 itidem
293 4072 362 4125 inter
378 4074 553 4144 prostitutas,
571 4073 686 4128 Alexan-
731 4091 812 4146 supra
818 4073 931 4147 pendere
941 4073 970 4126 ia
975 4089 1065 4146 puero,
1075 4071 1141 4144 eleg.
1153 4071 1178 4140 d,
1190 4073 1229 4128 18.
