3122 4756
328 364 391 430 ιιι,
620 362 885 429 reorseru
909 362 997 428 Lm.
1024 365 1070 430 11.
1131 414 1136 424 .

367 493 409 554 Et
421 503 599 582 quantum,
610 485 717 555 AEolio
731 511 839 581 quum
854 502 962 556 tentet
972 488 1122 556 earmina
1133 487 1279 580 plectro,
1380 525 1385 536 ·

413 602 477 665 Per
487 600 692 693 Aganippeae
702 597 821 666 ludere
832 596 933 668 docta
944 598 1046 696 lyrae3
1174 617 1180 626 '
1337 633 1373 690 ρο

367 713 409 776 Ει
419 732 481 776 sus
493 733 601 804 quum
612 713 761 804 antiquae
776 713 955 778 committit
965 715 1093 806 scriptu
1105 715 1281 796 Corinnae,

410 823 636 915 Carminaque
648 823 792 890 Erinnes
806 844 877 889 non
887 838 987 914 putat
999 847 1096 918 aequa
1109 827 1190 892 suis.

364 933 454 996 Num
465 927 526 996 tibi
539 931 692 996 nascenti
705 945 739 998 et
750 933 887 1023 primis,
902 927 978 1016 eirea
991 935 1076 1014 vitu,
1091 931 1210 1001 diebus

410 1037 581 1108 Candidus
592 1053 751 1134 argutum
764 1041 910 1108 sternuit
921 1065 1020 1110 omen
1035 1048 1158 1110 Amor?

365 1147 1157 1236 Haeetibicontuleruutoaelestiemuneredivi3
1340 1165 1372 1220 ις

411 1266 493 1329 Haec
505 1260 567 1329 tibi
580 1285 625 1329 ne
636 1277 779 1330 matrem
793 1263 881 1331 forte
894 1262 1026 1334 dedisse
1038 1282 1149 1357 putes.

363 1376 456 1454 Non,
470 1395 541 1440 non
555 1370 695 1440 humani
707 1387 787 1442 sunt
798 1387 916 1465 pertus
930 1372 1010 1441 teliu
1019 1372 1127 1458 done3

410 1486 478 1550 iste
490 1481 608 1551 decem
620 1507 754 1552 menses
768 1507 838 1551 non
852 1509 1014 1578 peperere
1025 1485 1126 1554 bona.

316 1645 397 1680 uxore
406 1626 531 1682 hebuerit
541 1647 647 1682 nomeu.
658 1627 725 1680 Vide
733 1631 819 1701 Heyn.
866 1643 937 1682 runt.
950 1631 1059 1702 Scripsit
1074 1632 1171 1684 Erinne
1188 1632 1270 1703 lyrica
1286 1645 1312 1684 et
1321 1631 1370 1685 he·

315 1716 465 1770 observat.
478 1717 512 1770 nd
520 1721 627 1772 Homer,
635 1717 711 1773 niul,
720 1739 746 1786 r,
758 1718 820 1788 ⁵90·
865 1713 1156 1764 roiestsutoestirnsts
1164 1713 1261 1783 pretio,
1270 1725 1299 1763 ut
1309 1729 1371 1764 cum

314 1823 351 1834 -
371 1793 490 1848 AEolium
517 1795 666 1870 plectrum,
694 1796 821 1849 Lesbium
865 1789 1372 1862 Homericisoompersreutur.Coretum

315 1871 450 1944 Sapphus.
462 1903 498 1916 -
511 1877 597 1928 Docte
615 1874 724 1939 ludere,
740 1873 821 1927 docta
865 1866 938 1920 iliam
955 1867 1065 1942 Sappho
1079 1881 1105 1920 et
1120 1871 1231 1920 amicum
1241 1867 1344 1922 hebuit.

314 1970 373 2024 quae
389 1949 480 2017 iudet,
494 1969 547 2023 por
559 1953 722 2026 rdqanipproe
741 1952 821 2025 iyroe,
903 1949 945 1998 23.
958 1949 1030 2001 Num
1048 1947 1095 2000 risi
1111 1949 1226 2000 nascenti
1239 1959 1265 2000 et
1276 1950 1370 2020 primis

284 2051 288 2068 ·
314 2047 369 2082 non
394 2029 504 2080 inferius
526 2027 610 2080 Musis
632 2031 707 2099 ipsis.
731 2055 766 2067 -
784 2029 822 2080 Et
865 2023 960 2076 diebus.
977 2027 1058 2078 Recte
1071 2025 1194 2097 copulam
1207 2027 1285 2078 istem
1298 2029 1370 2080 etiu-

312 2127 394 2181 qrusm
402 2111 497 2179 seripta
508 2126 556 2160 ruo
568 2109 689 2162 Corirruot
697 2109 820 2162 commit·
865 2107 949 2158 seruit
959 2103 1156 2160 Lachmaunue.
1172 2110 1203 2162 ln
1216 2107 1317 2178 vulgari
1328 2107 1368 2160 ie·

313 2190 358 2251 tit,
370 2187 398 2237 id
410 2198 462 2254 est,
474 2187 595 2240 Goriune
604 2187 726 2260 seriptis,
739 2185 819 2260 plane
864 2186 968 2251 ctione,
982 2185 1073 2237 «uum
1082 2184 1131 2237 tibi
1142 2189 1263 2238 uescenti
1270 2187 1368 2258 primis,

312 2277 343 2316 ιιι
359 2265 515 2318 Mimnermi
532 2284 617 2319 versus
627 2263 688 2338 plur
703 2265 818 2320 Homero
863 2284 923 2318 urea
935 2267 1004 2332 vite,
1023 2265 1136 2334 diebus,
1152 2289 1163 2314 r
1178 2267 1282 2321 videtur
1294 2271 1370 2321 nesci

312 2342 398 2396 volere
409 2342 519 2414 dieitur,
532 2344 593 2418 pius
605 2347 713 2398 Homeri
723 2364 818 2410 versu,
862 2363 911 2417 per
924 2344 1013 2416 plures
1025 2344 1082 2398 dies
1096 2345 1217 2418 Cynthia.
1233 2347 1295 2398 Mox
1309 2349 1368 2399 Au-

311 2423 340 2489 1,
359 2441 392 2493 9,
416 2440 456 2477 rr:
475 2426 575 2497 Insigni
595 2445 685 2479 errore
702 2425 821 2479 Kur'ooel
861 2443 918 2478 retu
932 2426 1017 2478 Amor
1033 2439 1196 2498 acceperuut
1211 2425 1245 2478 ub
1259 2427 1367 2480 Heinsio

311 2523 409 2558 nomeu
421 2507 541 2560 Corium
549 2505 699 2560 seeundum
709 2524 818 2560 essees-
862 2504 994 2570 editores,
1011 2507 1103 2577 scripti
1123 2504 1182 2557 iibri
1198 2524 1280 2577 quum
1291 2507 1368 2559 Ardi-
1389 2557 1393 2572 ,

310 2601 370 2636 surn
386 2585 512 2655 opinetur
531 2586 648 2656 sucipit:
669 2587 705 2638 Et
722 2587 818 2658 scripta
861 2585 929 2652 dus,
948 2587 1070 2653 Arduus,
1089 2585 1129 2639 vei
1150 2586 1246 2640 Aridus
1263 2586 1365 2656 darent.

309 2683 356 2718 suo
373 2682 432 2716 cum
448 2665 567 2718 Coriurroe
578 2666 682 2735 scriptis
696 2666 818 2719 commit·
864 2663 994 2717 Caudidsu
1006 2663 1076 2719 idem
1088 2662 1272 2718 Lsohmunuus
1287 2685 1367 2737 repo·

310 2745 362 2806 rtr,·
382 2746 458 2814 eujus
478 2746 569 2796 forme
589 2763 680 2799 versus
700 2757 739 2798 est
763 2745 815 2799 hoe
860 2744 917 2809 nit,
935 2742 1074 2796 Meerobio
1093 2757 1218 2809 auctore,
1238 2745 1299 2816 qui,
1318 2742 1366 2795 ubi

309 2821 379 2876 libro
393 2826 513 2894 positus,
528 2823 596 2894 eleg·
614 2825 648 2891 8,
668 2824 710 2876 23.
723 2825 815 2876 Corin·
859 2818 893 2873 de
912 2820 1069 2876 differentiis
1091 2835 1117 2874 et
1138 2823 1265 2876 societate
1282 2823 1366 2876 Greci
1440 2845 1443 2856 ·

309 2921 349 2954 rue
357 2905 510 2956 exstiterunt
518 2902 714 2976 duae3Thespis
723 2902 815 2972 nitere,
859 2900 997 2975 Latinique
1017 2901 1092 2955 verbi
1115 2904 1186 2974 egit,
1208 2921 1269 2975 pag.
1291 2901 1364 2970 692,

275 2984 279 2993 '
310 2980 391 3035 nitere
405 2981 532 3036 Thebans
544 2995 591 3034 eut
601 2983 761 3054 Tnusgreu,
775 2984 814 3035 fe·
859 2981 1019 3033 versiculum
1034 2983 1072 3034 itu
1093 2981 1195 3034 adfert:
1211 3002 1222 3027 r
1235 2979 1364 3032 Candidus

308 3078 379 3112 mem
394 3074 508 3132 utreque
528 3059 676 3132 pangendis
695 3061 813 3115 versibus
858 3061 981 3136 Augustis
992 3065 1104 3117 sternuit
1116 3081 1194 3115 omen
1204 3063 1314 3112 Amor.»
1330 3061 1363 3112 Et

309 3138 423 3212 adepte,
443 3159 555 3214 querum
571 3139 669 3192 dieitur
680 3139 736 3193 hee
749 3141 814 3193 Pin-
860 3140 967 3214 quidem
986 3145 1107 3195 Pontsoo
1123 3137 1281 3191 vocabulum
1292 3136 1363 3188 istud

308 3217 499 3293 derumipsum
511 3221 604 3273 risisse
617 3221 815 3294 quinquies-
858 3221 982 3296 Auqrutoe
1009 3218 1148 3273 lectionem
1176 3227 1361 3288 suggesserat,

311 3297 487 3374 Conuiuaqur
504 3301 632 3364 Erineos,
650 3314 700 3353 etc.
722 3303 813 3354 Lectio
857 3297 1049 3372 preferendam
1067 3293 1264 3348 Hernsterhurio
1277 3291 1361 3344 Lech·

307 3377 449 3449 probando
468 3377 543 3443 hee,
565 3383 749 3433 u·Bunnsuuo
770 3401 814 3434 re.
858 3395 1008 3448 nuntioque
1033 3377 1133 3440 vissm,
1155 3370 1288 3424 Candidus
1313 3391 1361 3424 ou·

220 3505 222 3510 .
308 3470 404 3529 cepto,
428 3476 508 3531 quern
530 3457 656 3512 exhibent
680 3461 763 3512 Kur'u.
787 3474 813 3512 et
855 3465 1012 3528 qustum...
1024 3471 1125 3505 omen.-
1144 3448 1191 3504 sed
1208 3469 1239 3502 ex
1253 3449 1362 3502 Codici-

307 3537 470 3592 Lachmnnn.
486 3540 692 3593 Vemieulumin
709 3543 812 3611 seriptis
857 3533 908 3584 bus
934 3530 1047 3584 alterum
1065 3542 1155 3582 tenere
1178 3531 1276 3582 ceriius
1295 3531 1359 3597 erit,

307 3614 380 3670 libris
396 3620 623 3690 corruptissimum
640 3617 754 3670 Volscus
772 3637 812 3670 re·
856 3619 996 3686 arqutum,
1017 3609 1089 3681 quod
1109 3627 1159 3660 nec
1178 3627 1284 3662 sensum
1302 3611 1360 3662 ins-

308 3699 408 3762 stituit,
422 3699 474 3750 uiri
491 3698 564 3772 quod
579 3699 674 3750 vitiose
686 3699 811 3749 Cor-minu
855 3703 930 3761 ptum
944 3689 1016 3740 facit.
1029 3687 1167 3740 Stemuere
1180 3699 1286 3756 sutem,
1300 3706 1359 3754 rer,

307 3793 365 3848 quoe
373 3773 484 3829 dederet
492 3796 541 3849 pro
552 3777 733 3848 Conuiuaque.
742 3776 811 3828 Ante
855 3784 884 3822 ut
894 3771 1003 3837 seimus,
1014 3768 1093 3821 fausti
1103 3771 1206 3822 ominis.
1217 3769 1359 3842 Aryuturu,

305 3857 489 3907 Burmannum
507 3867 583 3920 eret,
607 3854 810 3925 ..carminaque
855 3869 980 3904 sonorum
992 3873 999 3902 ε
1010 3849 1069 3902 ride
1080 3849 1114 3902 ed
1128 3853 1155 3918 1,
1172 3853 1219 3916 16,
1235 3853 1275 3904 16.

306 3933 427 4004 oequoeur's
438 3951 492 3985 nou
501 3945 578 4004 putat
587 3949 637 3986 esre
646 3931 737 3996 suis,·
751 3931 811 3983 Sca·
891 3931 933 3984 28.
948 3930 1043 3983 Decem
1053 3949 1166 3998 meuses,
1180 3929 1292 3997 lunarii,
1308 3949 1357 4002 pro

306 4011 381 4082 ligeri
392 4026 571 4064 commentum
580 4009 647 4076 hoe,
658 4009 704 4062 sed
721 4009 809 4083 quod,
854 4026 901 4072 ee,
914 4027 971 4081 quse
980 4009 1160 4062 Romanorum
1171 4023 1242 4075 erat,
1255 4025 1358 4079 suppu-

306 4089 810 4168 puto,uuruqusmoeperequiadmise-
853 4085 1051 4140 tandirstinne.
